1790 2857
700 40 972 77 „37”

628 155 900 206 Interrogauit
986 155 1216 204 discipulus
1306 154 1550 203 magistrum

209 192 270 230 De
301 190 542 230 benefacm'
626 228 768 254 suum:
827 215 1043 253 Prohibuit
1100 214 1372 263 philosophus
1432 214 1549 251 bene-

126 279 286 317 factum
326 278 558 328 denegare;
599 278 674 316 sed
714 289 799 315 non
837 276 987 315 diuisit
1026 276 1297 314 benefactum
1338 275 1541 313 creatoris

128 336 197 374 uel
246 338 463 373 creature?
537 335 601 373 Ad
651 335 726 373 hec
775 334 991 383 magister:
1043 333 1142 371 Dico
1191 333 1266 370 tibi
1318 332 1427 382 quod
1478 331 1547 369 ille

131 395 202 445 qui
239 395 429 444 denegat
454 394 730 440 benefactum,
769 393 946 442 denegat
983 393 1127 438 deum3
1168 395 1208 431 et
1246 392 1315 430 ille
1355 391 1424 441 qui
1465 403 1548 429 non

128 456 266 495 obedit
309 456 393 506 regi
435 457 504 494 uel
548 455 708 501 rectori,
753 458 816 493 est
857 454 1100 493 inobediens
1141 454 1231 491 deo.
1288 453 1545 502 Discipulus:

128 516 309 555 Ostende
350 516 476 554 michi
517 515 727 553 racionem
769 514 976 564 quomodo
1016 515 1093 551 hoc
1134 516 1271 562 potest
1310 525 1412 551 esse.
1466 513 1546 550 Ma-

127 575 271 625 gister:
311 575 479 614 Nullum
515 574 781 613 benefactum
817 574 1002 623 procedit
1039 586 1089 611 ex
1125 576 1314 612 creatura
1351 572 1402 610 ad
1439 584 1546 610 crea-

125 638 262 674 turam
305 635 385 673 nisi
428 647 479 673 ex
518 635 596 673 deo
635 634 852 683 procedat;
895 636 935 671 et
974 633 1032 670 illi
1075 633 1144 683 qui
1184 633 1389 681 denegant
1427 632 1546 670 bene·

124 695 294 741 factum,
318 707 417 733 suos
439 694 645 744 denegant
665 693 950 732 benefactores
974 695 1013 731 et
1034 693 1092 731 ita
1113 693 1315 741 denegant
1337 692 1472 729 deum.
1496 713 1545 718 ——
1577 696 1621 729 10

621 754 744 791 Item:
778 753 868 791 Rex
899 753 969 803 qui
1001 755 1134 791 rector
1164 764 1294 790 uerax
1326 755 1399 797 est,
1431 752 1548 801 uirga

622 813 690 851 dei
732 813 776 850 in
818 814 930 851 terra
973 815 1055 858 est;
1100 815 1140 850 et
1183 812 1251 850 ille
1295 811 1364 861 qui
1409 811 1549 849 obedit

623 873 748 921 uirge,
790 872 928 910 obedit
965 872 1134 918 rectori,
1174 875 1214 910 et
1250 871 1318 909 ille
1356 871 1427 921 qui
1464 883 1548 909 non

131 930 269 969 obedit
306 930 432 980 virge,
472 942 557 968 non
597 930 735 968 obedit
774 930 863 968 deo.
904 952 955 956 —-
994 930 1111 967 Alius
1152 929 1424 978 philosophus
1468 929 1545 966 ait:

127 992 298 1031 Custodi
324 994 367 1030 te
395 1004 419 1030 a
446 1004 539 1041 rege
568 992 637 1042 qui
665 992 777 1030 ferus
807 995 869 1030 est
896 994 942 1029 ut
968 992 1046 1037 leo,
1077 994 1115 1029 et
1144 991 1209 1029 cui
1237 991 1342 1029 leuis
1373 993 1434 1029 est
1463 990 1544 1028 ani·
1577 995 1620 1029 15

125 1063 217 1089 mus
255 1054 300 1089 ut
335 1063 476 1100 puero.
514 1073 565 1078 —
600 1051 739 1090 Alius:
778 1051 856 1100 Qui
892 1051 1049 1089 malum
1083 1050 1185 1088 dicit
1218 1050 1270 1088 de
1306 1063 1412 1100 rege,
1450 1054 1546 1088 ante

123 1114 286 1160 tempus
333 1123 455 1150 suum
498 1111 708 1149 morietur.
754 1133 803 1137 ——
847 1111 986 1149 Alius:
1031 1110 1200 1148 Diucius
1244 1110 1399 1159 patitur
1441 1111 1544 1148 deus

122 1171 274 1209 durare
312 1183 483 1220 regnum
521 1171 627 1220 regis
666 1171 710 1209 in
747 1183 823 1209 sua
860 1183 1038 1220 persona
1074 1170 1297 1219 peccantiS,
1338 1170 1372 1208 si
1410 1170 1543 1208 bonus

123 1230 177 1268 sit
215 1231 404 1280 gentibus
442 1233 482 1268 et
517 1230 641 1277 mitis,
679 1243 805 1280 quam
840 1231 997 1269 faceret
1031 1230 1073 1267 in
1110 1242 1186 1268 sua
1221 1242 1399 1279 persona
1434 1230 1544 1268 iusto

123 1290 219 1339 regi,
255 1290 290 1328 si
322 1291 458 1329 malus
492 1293 602 1328 esset
633 1290 823 1339 gentibus
857 1293 897 1328 et
928 1290 1118 1328 crudelis.
1152 1312 1202 1316 —
1234 1289 1467 1328 Aristotiles
1500 1289 1542 1326 in
1572 1295 1622 1327 ΩΟ

124 1350 299 1398 epistola
323 1362 398 1388 sua
422 1350 642 1399 castigauit
664 1362 801 1399 regem
824 1350 1104 1388 Alexandrum
1127 1350 1185 1387 ita
1207 1349 1371 1387 dicens:
1395 1349 1542 1388 Melius

123 1411 184 1447 est
218 1421 311 1447 cum
345 1409 490 1458 paucis
524 1421 626 1458 pace
659 1413 752 1447 tuos
788 1422 926 1459 regere
960 1421 1085 1459 quam
1118 1421 1310 1458 magnam
1343 1409 1541 1447 miliciam

120 1471 272 1507 tenere.
317 1469 440 1507 Item:
471 1469 581 1507 Tene
611 1472 765 1507 rectam
795 1469 1003 1507 iusticiam
1033 1469 1138 1507 inter
1167 1468 1356 1507 homines
1388 1471 1427 1506 et
1455 1468 1540 1506 dili-

121 1530 214 1578 gent
246 1531 307 1574 te3
340 1540 416 1566 nec
446 1541 641 1578 properes
673 1529 747 1567 ulli
778 1529 947 1567 reddere
978 1532 1168 1566 mutuum
1201 1528 1297 1566 boni
1328 1529 1395 1566 uel
1426 1528 1539 1574 mali,

120 1586 209 1636 quia
229 1586 376 1626 diucius
397 1587 612 1637 expectabit
632 1593 668 1626 te
688 1588 834 1627 amicus
865 1593 899 1626 et
929 1587 1077 1626 diucius
1107 1588 1255 1626 timebit
1284 1594 1320 1626 te
1350 1588 1540 1626 iuimicus.
1569 1595 1622 1628 25

1597 397 1619 429 U(

203 785 264 823 De
295 797 400 834 rege
430 786 542 823 bono

272 845 317 883 et
346 844 474 883 malo.

687 1670 770 1707 lato
812 1669 951 1707 retulit
989 1669 1032 1706 in
1072 1669 1176 1707 libro
1216 1669 1266 1706 de
1305 1669 1538 1717 propheciis

711 1729 819 1778 quod
862 1728 1030 1778 quidam
1072 1741 1144 1766 rex
1186 1730 1273 1766 erat
1311 1728 1354 1766 in
1395 1728 1540 1767 Grecia

616 1801 757 1835 senex,
799 1789 987 1838 gentibus
1027 1788 1217 1826 crudelis.
1270 1788 1374 1826 Huic
1411 1788 1542 1826 creuit

120 1847 349 1885 maximum
380 1848 521 1886 multis
556 1860 577 1886 e
602 1848 789 1897 partibus
823 1848 986 1886 bellum.
1033 1848 1159 1887 Cuius
1191 1850 1236 1885 ut
1266 1848 1389 1886 sciret
1422 1860 1539 1886 euen-

119 1909 219 1953 tum,
257 1907 391 1945 tocius
429 1920 504 1946 sue
541 1907 719 1957 regionis
758 1911 798 1945 et
832 1908 969 1945 uicine
1005 1908 1220 1945 mandauit
1254 1907 1537 1956 philosophos.
1566 1909 1619 1942 30.-

121 1965 283 2014 Quibus
321 1967 584 2017 congregatis
623 1967 703 2006 ait:
741 1968 888 2006 Videte
928 1980 1054 2017 quam
1092 1979 1291 2017 magnum
1329 1967 1457 2004 michi
1496 1970 1538 2006 et

119 2025 239 2063 uobis
278 2025 442 2074 ingruat
479 2026 645 2073 bellum,
686 2027 795 2076 quod
832 2029 998 2075 propter
1035 2039 1173 2064 meum
1211 2026 1333 2064 credo
1372 2026 1542 2064 euenire

118 2085 239 2122 uobis
264 2088 490 2133 peccatum.
529 2086 609 2124 Sed
633 2086 668 2124 si
692 2086 848 2135 aliquid
873 2089 935 2124 est
958 2086 1001 2123 in
1025 2098 1090 2124 me
1115 2086 1223 2135 quod
1248 2086 1301 2123 sit
1325 2086 1539 2134 reprehen-

121 2142 315 2188 dendum,
349 2142 473 2181 dicite
510 2146 549 2181 et
581 2146 721 2181 uestro
757 2143 908 2181 iudicio
945 2144 1045 2181 illud
1079 2144 1282 2193 corrigere
1316 2144 1535 2182 festinabo.

119 2203 380 2252 Philosophi:
403 2204 461 2242 De
482 2204 766 2243 criminalibus
787 2205 830 2242 in
850 2217 1020 2253 corpore
1040 2207 1179 2243 uestro
1202 2205 1361 2242 nullum
1382 2205 1536 2244 scimus
1564 2208 1608 2241 35

119 2275 194 2301 nec
233 2263 331 2312 quid
368 2263 487 2301 nohis
527 2266 566 2301 et
600 2264 721 2302 uobis
757 2267 979 2302 uenturum
1016 2264 1070 2302 sit
1105 2264 1404 2313 cognoscimus.
1455 2265 1535 2303 Sed

117 2322 184 2360 hic
229 2334 356 2371 prope
399 2323 514 2360 uiam
556 2323 681 2361 trium
724 2323 883 2362 dierum
928 2326 1111 2361 moratur
1155 2324 1322 2374 quidam
1366 2325 1534 2374 sapiens

117 2382 253 2428 homo,
282 2382 449 2420 nomine
472 2382 695 2429 Marianus,
722 2383 792 2432 qui
817 2396 889 2432 per
913 2383 1102 2431 spiritum
1127 2386 1315 2422 sanctum
1340 2384 1532 2434 loquitur.

131 1698 429 1748 Exemplum
459 1699 600 1738 XXV:

217 1758 278 1796 De
310 1758 518 1797 Mariano.

212 2491 233 2524 2
248 2492 516 2534 Auyensprmzy
533 2491 651 2524 hincm·
668 2491 906 2526 benefactum.
932 2512 971 2516 —
996 2494 1015 2525 (5
1030 2504 1116 2527 uero
1134 2493 1272 2528 uictori.
1302 2513 1331 2518 -
1358 2494 1398 2527 11
1419 2493 1534 2527 uictor

117 2554 238 2578 uerax.
267 2564 308 2568 —
337 2545 382 2578 30
408 2547 442 2578 et
467 2543 595 2578 uicinis
620 2545 740 2580 mand.
760 2545 911 2589 populis.
