1846 2857
540 659 1162 722 Inhaltsverzeichnis.

1444 796 1526 823 Seite

136 853 372 896 Einleitung
393 870 1356 887 .....................
1389 843 1564 879 VII—XV

138 914 238 948 Text

299 932 1403 948 ........................
1449 905 1565 938 1—50

280 983 481 1026 Prologus
509 983 539 1016 1.
565 1001 612 1005 —-
637 981 688 1015 De
715 980 844 1014 timore
870 979 933 1013 Dei
961 980 994 1013 ⁹2.
1024 998 1066 1003 —-
1098 979 1149 1012 De
1175 976 1354 1021 hypocrisi
1381 977 1413 1010 Q.
1445 995 1483 1000 -
1514 975 1564 1008 De

280 1042 443 1083 formica,
461 1041 567 1084 gallo,
588 1051 676 1075 eane
696 1041 728 1074 3.
748 1059 790 1063 —
811 1039 1042 1083 Exemplum
1064 1039 1101 1072 I:
1129 1038 1184 1072 De
1203 1035 1369 1072 dimidio
1387 1034 1512 1070 amieo
1532 1034 1563 1068 3.

284 1122 325 1126 —
354 1101 585 1146 Exemplum
602 1100 666 1134 ll:
705 1100 761 1134 De
787 1099 947 1142 integro
974 1098 1100 1133 amieo
1126 1098 1159 1131 4.
1200 1117 1241 1122 —
1278 1097 1329 1130 De
1356 1095 1505 1130 consilio
1533 1095 1565 1127 6-

281 1183 324 1187 -
352 1162 403 1196 De
428 1161 606 1195 leccatore
634 1161 665 1193 7.
705 1180 749 1184 —
788 1160 839 1193 De
865 1158 1041 1202 sapientia
1069 1158 1100 1191 7.
1136 1177 1182 1181 —
1214 1157 1266 1190 De
1294 1155 1435 1190 silentio
1462 1155 1493 1188 8.
1522 1173 1565 1177 -

280 1219 512 1264 Exemplum
536 1218 619 1253 III:
657 1218 712 1253 De
740 1218 873 1252 tribus
901 1216 1248 1253 versificatoribus
1275 1216 1308 1249 9.
1349 1234 1390 1238 —
1429 1213 1567 1248 Exem-

282 1281 391 1324 plum
409 1279 484 1316 IV:
509 1279 565 1313 De
583 1278 691 1313 mulo
712 1279 753 1313 et
771 1277 890 1322 vulpe
917 1280 949 1310 9.
978 1296 1019 1301 —-
1048 1277 1099 1310 De
1118 1286 1205 1310 vera
1230 1274 1419 1309 nobilitate
1442 1274 1494 1308 10.
1522 1293 1565 1297 -—

281 1340 425 1384 Septem
459 1341 554 1373 artes
584 1339 637 1372 10.
676 1357 720 1362 —
757 1338 899 1381 Septem
934 1336 1130 1380 probitates
1159 1336 1215 1370 11.
1254 1353 1299 1357 -
1338 1334 1480 1377 Septem
1514 1332 1566 1365 in-

283 1399 440 1434 dustriae
475 1399 524 1432 [1.
551 1418 594 1422 —
621 1399 673 1432 De
699 1396 886 1432 mendacio
919 1397 970 1430 11.
999 1415 1041 1419 —
1070 1394 1306 1438 Exemplum
1324 1393 1378 1429 V:
1413 1393 1469 1427 De
1496 1392 1564 1426 llo-

283 1458 387 1493 mine
414 1458 455 1493 et
481 1458 666 1501 serpente
697 1457 749 1490 1⁶2.
777 1476 814 1479 —
847 1455 1079 1499 Exemplum
1105 1454 1182 1489 VI:
1216 1453 1271 1489 De
1290 1451 1569 1488 versificatore

284 1519 325 1553 et
358 1518 527 1561 gibboso
566 1518 619 1551 12.
660 1537 701 1540 —
742 1515 974 1559 Exemplum
1001 1514 1098 1550 VII:
1136 1513 1191 1548 De
1227 1512 1377 1548 elerico
1412 1512 1568 1547 domum

281 1576 513 1621 potatorum
553 1576 733 1610 intrante
774 1576 827 1610 13.
867 1594 912 1597 —
951 1574 1185 1617 Exemplum
1218 1572 1335 1608 VIII:
1374 1572 1430 1606 De
1469 1580 1564 1607 voce

283 1636 455 1671 bubonis
483 1637 538 1670 13.
579 1655 619 1659 ——
662 1636 711 1669 De
750 1635 845 1669 mala
882 1634 1099 1668 femina14.
1142 1653 1183 1657 —
1222 1631 1454 1675 Exemplum
1480 1631 1566 1666 IX:

283 1695 338 1730 De
356 1695 645 1730 vindemiatore
675 1696 728 1728 15.
756 1716 799 1719 —
827 1693 1059 1738 Exemplum
1087 1693 1149 1726 X:
1177 1692 1232 1726 De
1258 1691 1412 1726 lintheo
1443 1691 1494 1725 15.
1523 1709 1567 1714 —

282 1754 515 1799 Exemplum
541 1755 625 1790 XI:
664 1754 720 1789 De
755 1753 889 1797 gladio
930 1754 981 1787 16.
1021 1773 1066 1776 —
1106 1751 1342 1796 Exemplum
1368 1750 1472 1785 XII:
1511 1749 1569 1784 De

283 1824 378 1858 rege
397 1815 438 1850 et
454 1814 687 1850 fabulatore
707 1824 775 1849 suo
799 1815 851 1848 17.
885 1834 931 1837 —
969 1812 1201 1857 Exemplum
1226 1811 1355 1846 XIII:
1382 1810 1438 1844 De
1465 1809 1571 1844 eani-

284 1874 374 1909 cula
399 1873 639 1910 lacrimante
668 1874 721 1908 18.
750 1893 794 1897 —
821 1872 1051 1916 Exemplum
1069 1872 1184 1907 XIV:
1212 1871 1270 1905 De
1296 1871 1420 1914 puteo
1448 1870 1504 1903 20.
1527 1888 1568 1893 -

284 1934 336 1967 De
375 1934 471 1968 bona
509 1933 644 1968 femina
677 1934 734 1966 ⁶21.
773 1952 817 1956 —
856 1931 1089 1975 Exemplum
1115 1931 1210 1966 XV:
1248 1930 1305 1964 De
1342 1929 1474 1964 decem
1508 1937 1571 1963 eo-

284 1991 362 2028 fris
388 1993 444 2027 222.
471 2012 515 2016 —
542 1992 776 2036 Exemplum
795 1992 889 2027 XVI
905 2000 915 2025 ε
942 1991 997 2024 De
1016 1991 1149 2025 decem
1167 1988 1335 2024 tonellis
1355 1987 1434 2025 olei
1452 1987 1508 2021 24.
1527 2006 1570 2011 —

286 2051 519 2096 Exemplum
544 2053 685 2088 XVII:
724 2052 778 2086 De
805 2060 928 2086 aureo
956 2050 1142 2094 serpente
1168 2050 1224 2083 26.
1255 2068 1294 2072 —
1324 2049 1374 2081 De
1401 2046 1570 2081 societate

287 2110 410 2152 ignota
448 2111 504 2144 27.
552 2130 593 2134 —
640 2111 690 2143 De
729 2109 921 2152 sequendis·
961 2108 1101 2150 magnis
1134 2107 1202 2141 viis
1240 2107 1298 2140 28.
1345 2125 1386 2129 ——
1435 2104 1572 2139 Exem-

288 2168 398 2213 plum
423 2169 582 2204 XVIII:
609 2169 649 2208 a)
670 2169 724 2203 De
750 2167 908 2202 semita.
937 2186 979 2191 -—
1008 2167 1127 2209 b)1)e
1155 2165 1255 2201 vado
1283 2166 1339 2199 28.
1366 2183 1409 2188 —
1435 2164 1573 2199 Exem-

287 2228 397 2272 plum
422 2228 548 2262 XIX:
584 2228 637 2262 De
676 2227 826 2262 (luobus
866 2225 1132 2268 burgensibus
1174 2225 1214 2260 et
1253 2223 1407 2258 rustico
1433 2224 1488 2258 29.
1530 2242 1572 2246 —

290 2287 523 2331 Exemplum
569 2287 672 2321 XX:
721 2287 777 2320 De
827 2286 932 2329 regii
976 2284 1165 2319 incisoris
1207 2282 1406 2328 discipulo
1448 2282 1574 2318 Nedui

289 2347 449 2382 nomine
477 2347 532 2381 30.
574 2366 613 2371 —-
653 2345 887 2389 Exemplum
914 2345 1041 2380 XXI:
1078 2344 1135 2378 De
1162 2344 1314 2379 duobus
1340 2342 1574 2379 ioculatori-

289 2407 362 2441 bus
380 2407 439 2440 32.
465 2425 510 2429 —
538 2406 588 2439 De
607 2406 718 2448 largo,
746 2416 867 2445 avaro,
894 2404 1045 2449 prodigo
1065 2404 1121 2438 32.
1149 2423 1191 2428 —
1219 2404 1271 2437 De
1295 2403 1429 2437 divitiis
1455 2403 1511 2437 3⁶2.
1533 2422 1574 2426 —

292 2464 523 2509 Exemplum
549 2465 696 2500 XXII:
724 2464 779 2498 De
805 2462 959 2498 rustico
986 2463 1027 2498 et
1052 2462 1209 2497 avicula
1238 2464 1293 2497 33.
1322 2481 1364 2486 —
1392 2463 1443 2496 De
1476 2462 1576 2496 libris

292 2535 366 2559 non
403 2524 590 2559 credendis
618 2525 673 2559 34.
713 2543 754 2547 —
791 2523 1023 2567 Exemplum
1049 2523 1219 2558 XXIII:
1245 2523 1301 2557 De
1327 2522 1455 2557 bobus
1480 2521 1575 2565 lupo

290 2584 498 2629 promissis
524 2594 547 2619 a
573 2584 727 2619 rustico
753 2582 966 2628 vulpisque
994 2583 1144 2618 iudicio
1172 2583 1227 2617 34.
1266 2603 1308 2606 —
1347 2583 1398 2616 De
1424 2580 1575 2616 consiliO
