1846 2857
750 89 800 92 -,
865 67 1024 103 13,-

174 185 317 235 fugere
357 185 501 231 uoluit,
545 185 617 223 sed
657 198 729 234 per
768 185 985 233 capucium
1026 187 1226 222 retractus
1267 185 1400 233 capite
1442 185 1595 222 nudato

176 245 368 293 apparuit
405 244 632 283 scabiosus.
683 245 910 293 lnterrogat
944 245 1131 292 protinus
1168 244 1236 281 ille
1273 247 1354 281 tres
1389 244 1594 282 denarios.

178 304 328 342 Videns
372 304 566 352 gibbosus
607 316 741 353 neque
781 304 878 352 fuga
917 316 1050 352 neque
1090 304 1246 341 auxilio
1286 315 1330 341 se
1369 316 1493 351 posse
1531 303 1595 341 de-

177 363 289 401 fendi
328 363 436 412 cepit
472 363 515 401 ui
554 363 745 401 resistere
782 363 1091 412 defendensque
1129 375 1173 400 se
1210 363 1376 400 nudatis
1415 363 1595 400 brachiis

177 423 368 472 apparuit
413 423 570 461 habens
615 423 658 460 in
703 423 766 460 his
810 422 1111 470 impetiginem:
1157 425 1350 471 quartum
1394 434 1488 470 ergo
1531 422 1595 459 de-

178 482 339 520 narium
380 483 573 531 postulat.
628 481 702 519 Cui
742 481 979 519 defendenti
1019 493 1193 529 cappam
1234 481 1415 527 abstulit,
1456 484 1496 519 et
1534 493 1595 519 ca-

174 541 298 579 dente
341 542 411 579 illo
452 542 495 578 in
534 544 687 579 terrani
727 541 967 578 herniosum
1009 541 1228 589 comperit:
1270 541 1459 590 quintum
1501 553 1595 590 ergo

175 601 392 639 denarium
430 601 480 639 ab
518 613 566 639 eo
602 601 784 638 extorsit.
834 600 900 638 Sic
936 600 1106 649 contigit
1139 604 1185 637 ut
1220 601 1289 650 qui
1324 612 1453 638 unum
1488 601 1595 638 ultro

174 661 275 698 dare
316 661 458 707 noluit,
499 660 681 709 quinque
722 659 876 697 inuitus
914 659 1037 697 dedit.

259 720 370 757 Dixit
400 720 671 768 philosophus
703 719 870 768 quidam
900 718 984 756 filio
1014 731 1110 756 suo:
1142 719 1230 763 Fili,
1261 719 1355 757 uide
1388 732 1437 757 ne
1468 722 1594 757 trans-

177 792 248 818 eas
291 792 363 828 per
406 779 546 817 sedem
589 779 719 828 gentis
763 779 922 828 inique!
990 779 1203 816 Transitus
1246 791 1425 828 namque
1466 791 1595 816 causa

175 839 221 877 fit
250 842 397 885 status,
429 842 468 876 et
496 841 627 877 status
658 850 785 876 causa
813 838 1026 883 sessionis,
1059 840 1099 876 et
1127 838 1260 876 sessio
1289 850 1416 876 causa
1446 839 1593 887 operis.

673 930 796 967 ictum
833 929 943 967 enim
978 932 1040 966 est
1072 929 1176 967 duos
1211 929 1382 966 clericos
1417 928 1467 966 de
1500 928 1596 966 ciui-

693 991 777 1026 tate
799 988 977 1037 quadam
997 1001 1172 1037 uespere
1191 992 1238 1026 ut
1258 989 1596 1036 exspaciarentur

602 1048 748 1086 exisse.
799 1047 1008 1085 Venerunt
1045 1060 1138 1097 ergo
1174 1048 1217 1084 in
1252 1048 1388 1085 locum
1423 1047 1494 1085 ubi
1529 1060 1595 1096 po-

603 1109 753 1145 tatores
810 1110 1102 1145 conuenerant.
1172 1107 1283 1144 Dixit
1325 1108 1428 1145 alter
1483 1107 1595 1145 socio

601 1179 697 1204 suo:
720 1167 981 1205 Diuertamus
1004 1167 1085 1204 alia
1103 1167 1184 1212 uia,
1206 1167 1304 1216 quia
1322 1166 1593 1215 philosophus

172 1226 291 1263 dicit:
314 1226 405 1264 Non
427 1228 488 1264 est
506 1226 805 1264 transeundum
823 1238 896 1275 per
915 1226 1055 1264 sedem
1075 1226 1205 1275 gentis
1227 1226 1378 1275 inique.
1413 1226 1594 1274 Respon-

171 1285 232 1323 dit
272 1286 431 1324 socius:
473 1286 687 1323 Transitus
728 1298 812 1323 non
851 1286 1027 1332 nocebit,
1069 1286 1104 1324 si
1144 1286 1255 1323 aliud
1297 1298 1379 1323 non
1419 1286 1591 1323 affuerit.

174 1345 222 1382 Et
263 1349 527 1384 transeuntes
572 1346 791 1383 audierunt
833 1346 875 1383 in
917 1346 1039 1383 domo
1082 1346 1345 1383 cantilenam.
1402 1345 1594 1383 Substitit

171 1405 276 1442 alter
310 1408 491 1443 retentus
525 1405 742 1443 dulcedine
774 1408 931 1444 cantus.
976 1406 1134 1443 Monuit
1165 1405 1303 1443 socius
1336 1405 1415 1443 ire:
1450 1405 1591 1442 noluit.

174 1465 406 1503 Recedente
445 1465 558 1503 socio
596 1465 795 1503 remansit
832 1466 944 1503 solus
983 1465 1227 1514 illectusque
1264 1468 1388 1502 cantu
1423 1465 1592 1502 domum

172 1524 353 1562 intrauit.
406 1524 595 1574 Vndique
633 1528 807 1563 uocatus
848 1525 954 1563 sedit
992 1525 1223 1574 sedensque
1262 1537 1355 1562 cum
1394 1525 1486 1562 aliis
1525 1537 1592 1573 po-

171 1584 286 1622 tauit.
338 1584 387 1622 Et
425 1596 519 1622 ecce
555 1597 678 1634 preco
715 1586 1017 1633 exploratorem
1054 1585 1234 1622 ciuitatis
1270 1584 1496 1633 fugientem
1534 1597 1592 1623 se-

175 958 581 1009 ExemplumVII:
602 925 666 1011 D

263 1019 325 1057 De
358 1018 514 1057 elerico

205 1078 377 1116 domum
404 1078 570 1127 potato-

216 1149 312 1175 rum
343 1137 555 1176 intrante.

170 1656 303 1693 quens
339 1647 433 1692 post
467 1645 582 1682 illum
617 1645 785 1682 domum
819 1645 1056 1693 potancium
1091 1644 1272 1682 intrauit.
1320 1645 1492 1682 Inuento
1528 1657 1592 1681 ex-
1621 1653 1650 1676 ⁹2

170 1704 378 1752 ploratore
402 1704 446 1741 in
469 1704 539 1741 illa
562 1704 684 1742 domo
710 1704 798 1752 ipse
823 1709 862 1742 et
887 1716 1030 1742 omnes
1055 1704 1163 1753 capti
1188 1707 1294 1742 sunt.
1332 1704 1419 1750 Hic,
1445 1704 1590 1753 inquit,

172 1763 404 1812 hospicium
441 1764 565 1802 huius
605 1764 877 1812 exploratoris
914 1764 1013 1802 fuit:
1051 1764 1146 1801 hinc
1184 1764 1296 1811 exiit,
1334 1764 1413 1801 huc
1451 1763 1591 1810 rediit;

173 1834 322 1862 omnes
359 1823 519 1861 conscii
557 1826 598 1862 et
633 1823 738 1862 socii
774 1823 903 1862 huius
940 1823 1097 1862 fuistis.
1148 1824 1270 1862 Ducti
1308 1826 1408 1861 sunt
1444 1835 1589 1862 omnes

170 1882 224 1919 ad
265 1882 508 1931 patibulum,
553 1885 593 1921 et
633 1883 806 1920 clericus
848 1883 955 1920 inter
995 1883 1088 1920 illos
1129 1895 1279 1931 magna
1318 1894 1422 1920 uoce
1463 1882 1591 1930 predi-

170 1941 293 1979 cabat
333 1942 545 1980 omnibus:
587 1942 783 1992 Quisquis
824 1942 964 1991 inique
1004 1942 1136 1991 gentis
1175 1942 1390 1980 consorcio
1428 1942 1588 1987 fruitur,

171 2001 313 2049 procul
357 2001 483 2039 dubio
528 2002 670 2040 mortis
717 2002 920 2040 immerite
963 2014 1093 2050 penas
1137 2003 1330 2040 lucratur.

667 2093 776 2129 ertur
801 2092 852 2129 de
877 2091 1039 2129 duobus
1064 2090 1279 2140 discipulis
1306 2091 1416 2140 quod
1442 2103 1590 2129 exeun-

688 2153 750 2188 tes
790 2151 841 2188 de
881 2151 1060 2200 quadam
1099 2151 1268 2188 ciuitate
1305 2153 1510 2188 uenerunt
1549 2151 1591 2188 in

596 2211 733 2247 locum
759 2210 830 2247 ubi
855 2222 938 2248 uox
963 2210 1179 2248 cuiusdam
1203 2209 1358 2248 femine
1383 2210 1504 2248 ualde
1530 2222 1591 2249 so-

172 2279 274 2305 nora
317 2267 572 2315 audiebatur,
615 2269 826 2318 uerbaque
869 2272 1014 2307 cantus
1058 2270 1161 2307 bene
1203 2270 1432 2318 composita
1474 2272 1590 2308 erant

172 2329 212 2365 et
255 2330 401 2365 cantus
448 2327 535 2376 ipse
579 2329 737 2366 musice
780 2332 1041 2367 constructus
1085 2329 1207 2367 ualde
1249 2329 1505 2368 delectabilis
1552 2332 1590 2367 et

170 2387 396 2425 amatorius
433 2387 628 2426 insonuit.
676 2388 868 2426 Substitit
899 2389 1003 2426 alter
1034 2389 1241 2427 cantilena
1273 2392 1467 2427 retentus.
1515 2387 1589 2427 Cui

170 2446 331 2485 socius:
372 2446 634 2486 Diuertamus
674 2448 771 2486 hinc
810 2470 859 2474 —
899 2451 939 2486 et
975 2448 1233 2487 diuerterunt
1270 2449 1364 2487 inde
1403 2471 1453 2475 —-
1491 2449 1589 2498 quia

177 2118 575 2169 ExemplumVIII
585 2135 594 2160 :
606 2089 664 2175 F

174 2178 237 2216 De
259 2190 364 2217 voce
394 2179 592 2218 bubonis.

270 2555 312 2589 12
339 2555 477 2590 occasio
510 2556 688 2591 sessionis.
726 2576 766 2582 —
805 2558 847 2591 18
878 2561 932 2592 est
963 2558 1062 2601 fehlt.
1097 2577 1140 2582 —
1173 2559 1218 2593 ⁶28
1245 2558 1401 2593 consocii
1429 2561 1464 2593 et
1489 2557 1589 2592 socii.

1647 430 1668 461 Ul

1625 724 1667 757 10

1625 1049 1667 1082 15

1621 1349 1666 1382 20

1621 1647 1640 1680 [v

1645 1649 1665 1681 Η(

1619 1946 1664 1982 30
