1846 2857
718 62 993 99 —15—

148 181 355 231 sapientes
388 193 539 229 prauos
572 193 712 218 earum
745 180 984 229 corrigendo
1015 192 1149 218 mores
1180 180 1281 217 talia
1313 179 1566 228 scr1pserunt

148 253 223 280 nec
259 241 435 289 culpam,
472 240 544 278 sed
579 240 744 278 laudem
779 240 874 278 inde
908 242 1233 288 promeruerunt.
1281 239 1340 276 Tu
1376 239 1565 277 similiter

145 301 197 338 de
239 300 319 337 illis
364 299 549 338 scribens
594 300 645 338 ad
687 301 870 337 nostram
911 299 1131 337 utilitatem
1173 311 1257 336 non
1296 298 1562 347 uituperium‚

146 360 218 398 sed
237 372 433 398 coronam
451 359 763 408 promereberis.
795 359 843 396 Et
862 359 914 396 ob
930 359 1007 396 hoc
1028 361 1169 408 rogata
1188 358 1277 396 sine
1296 358 1563 396 cunctacione

145 420 394 458 demonstra.
440 419 552 457 Tunc
583 419 799 468 magister:

641 495 788 534 errexit
818 495 984 545 quidam
1011 498 1058 533 ut
1082 495 1358 534 uindemiaret
1383 495 1561 533 uineam.

664 555 780 604 Quod
835 568 940 593 uxor
994 556 1104 593 illius
1158 555 1307 594 uidens
1360 555 1564 593 intellexit

570 615 684 653 illum
716 616 825 653 circa
852 615 1021 653 uineam
1050 615 1211 653 diucius
1241 617 1495 653 moraturum
1526 618 1565 653 et

143 675 273 713 misso
298 675 448 713 nuncio
471 677 673 713 conuocat
695 675 873 712 amicum
896 675 1219 724 conuiuiumque
1240 677 1369 724 parat.
1404 674 1564 712 Accidit

146 737 283 773 autem
315 737 361 772 ut
391 734 583 772 dominus
616 746 730 772 ramo
761 734 883 772 uinee
914 734 957 771 in
989 735 1108 772 oculo
1140 746 1362 782 percussus
1393 734 1562 771 domum

143 795 225 832 cito
266 794 416 832 rediret
456 794 581 832 nichil
622 793 672 831 de
712 794 830 832 oculo
870 806 1068 842 percusso
1108 794 1267 840 uidens,
1308 794 1562 843 veniensque

144 854 196 892 ad
236 856 397 903 portam
436 866 511 892 sue
549 854 697 892 domus
737 854 921 891 hostium
959 854 1153 902 pulsauit.
1207 853 1324 902 Quod
1363 866 1468 891 uxor
1507 854 1562 891 111-

143 913 331 963 telligens
379 913 553 952 nimium
598 913 765 951 turbata
812 916 1087 951 conuocatum
1133 914 1313 951 amicum
1348 913 1563 952 abscondit

143 985 331 1011 seorsum
372 976 411 1011 et
447 973 616 1011 domino
655 986 731 1011 5110
769 973 951 1011 hostium
989 976 1135 1022 postea
1172 973 1331 1021 aperire
1369 973 1560 1011 cucurrit.

145 1033 221 1081 Qui
260 1033 419 1071 intrans
459 1036 499 1071 et
535 1033 714 1082 grauiter
748 1045 822 1082 pro
861 1033 980 1071 oculo
1018 1033 1145 1071 tristis
1185 1036 1224 1070 et
1258 1033 1402 1071 dolens
1441 1032 1564 1070 iussit

144 1104 351 1131 03111013111
374 1092 509 1140 parari
532 1095 572 1130 et
591 1092 741 1131 lectum
764 1092 902 1135 sterni,
925 1094 969 1129 ut
990 1095 1131 1140 posset
1153 1092 1377 1142 quiescere.
1411 1092 1564 1129 Timuit

142 1164 247 1190 uxor
277 1165 327 1189 ne
355 1152 512 1190 intrans
541 1164 747 1190 cameram
776 1152 955 1189 amicum
982 1152 1212 1190 latitantem
1240 1152 1410 1190 uideret.
1453 1152 1563 1189 Dixit

144 1212 201 1249 ei:
249 1211 354 1260 Quid
397 1214 559 1249 tantum
603 1224 799 1260 properas
844 1211 895 1249 ad
939 1212 1121 1250 lectum?
1178 1212 1248 1249 Dic
1293 1212 1419 1249 michi
1463 1211 1561 1261 quid

142 1271 215 1309 tibi
245 1272 299 1310 sit
325 1271 458 1320 prius!
499 1271 776 1321 Narrauitfque
805 1272 840 1309 ei
868 1274 999 1310 totum
1026 1274 1071 1309 ut
1098 1271 1314 1309 acciderat.
1355 1271 1560 1312 Permitte.

143 1331 276 1380 inquit
307 1331 389 1378 illa,
420 1331 640 1369 karissime
668 1331 846 1377 domine,
876 1334 924 1368 ut
952 1331 1117 1369 oculum
1147 1343 1294 1369 sanum
1324 1331 1561 1369 medicinali

142 1394 230 1428 arte
273 1390 513 1429 confirmem
558 1394 598 1428 et
640 1391 834 1437 carmine,
878 1403 929 1428 ne
971 1391 1029 1428 ita
1072 1391 1237 1429 eueniat
1278 1391 1328 1428 de
1371 1403 1473 1428 sano
1516 1394 1562 1428 ut

142 1451 267 1488 michi
289 1451 427 1488 euenit
444 1450 495 1488 de
514 1451 596 1488 iam
615 1463 825 1499 percusso,
847 1451 944 1500 quia
962 1451 1187 1499 dampnum
1207 1453 1325 1489 tuum
1343 1462 1562 1489 commune

143 1512 205 1548 est
231 1511 370 1549 nobis!
409 1511 715 1560 Apponensque
741 1522 785 1548 os
812 1522 934 1549 suum
959 1510 1009 1548 ad
1037 1511 1201 1548 oculum
1228 1522 1376 1548 sanum
1400 1513 1560 1548 tantum

140 1570 246 1608 fouit
285 1581 502 1619 quousque
541 1571 699 1608 amicus
739 1582 763 1608 a
800 1571 891 1608 loco
929 1570 1000 1608 ubi
1039 1570 1306 1608 absconditus
1347 1573 1434 1607 erat
1469 1570 1560 1608 uiro

163 528 460 576 Exemplum
477 527 561 565 IX:
579 493 636 580 P

144 588 207 626 De
223 586 554 625 vindemiatore.

141 1629 351 1668 nesciente
388 1630 591 1668 discessit.
641 1629 905 1680 Tandemque
943 1642 987 1668 se
1024 1630 1204 1679 erigens:
1242 1629 1375 1676 Modo,
1414 1630 1558 1678 inquit,
1588 1636 1599 1650 ⁰

139 1689 358 1728 karissime
388 1689 463 1736 vir,
496 1702 588 1727 sum
620 1701 766 1728 secura
795 1702 846 1727 ne
876 1689 1010 1727 simile
1040 1689 1090 1727 de
1122 1689 1197 1727 hoc
1230 1690 1348 1727 oculo
1380 1689 1557 1734 eueniat,

144 1747 267 1796 quale
302 1747 353 1785 de
392 1747 520 1785 altero
559 1747 707 1785 euenit.
770 1747 855 1785 Iam
893 1750 1022 1796 potes,
1062 1747 1097 1784 si
1134 1747 1280 1796 placet,
1321 1747 1370 1784 ad
1409 1748 1560 1785 lectum

139 1808 402 1847 descendere.

222 1868 334 1906 Tunc
371 1868 600 1917 discipulus
639 1868 697 1906 ait
732 1869 950 1918 magistro:
988 1869 1097 1906 Bene
1135 1880 1200 1906 me
1237 1868 1481 1914 instruxisti,
1521 1871 1562 1906 et

142 1927 251 1976 quod
286 1927 338 1966 de
374 1929 539 1966 illarum
576 1929 731 1966 artibus
769 1928 945 1967 retulisti
982 1928 1196 1966 siticuloso
1233 1931 1272 1966 et
1307 1927 1558 1966 desideranti

142 1987 280 2025 animo
305 1988 605 2035 commendaui,
630 2001 705 2026 nec
730 1988 839 2038 quod
864 1988 958 2026 inde
981 1988 1067 2026 5010
1092 2000 1164 2037 pro
1190 1987 1353 2026 diuiciis
1378 1987 1559 2025 Arabum

140 2049 394 2085 commutare
426 2048 535 2086 uolo.
582 2048 662 2086 Sed
695 2048 730 2086 si
761 2049 898 2097 placet
928 2048 1183 2096 progredere,
1218 2051 1257 2085 et
1289 2047 1398 2096 quod
1431 2050 1558 2085 trans-

139 2106 246 2144 ferre
272 2106 315 2143 in
339 2109 474 2144 actum
497 2108 661 2156 publice
686 2107 1062 2145 administracionis
1087 2107 1318 2145 futurorum
1343 2107 1557 2145 ualeamus

142 2165 334 2204 edissere.
368 2188 418 2192 —
449 2167 628 2214 Faciam,
662 2167 794 2217 inquit
824 2167 1030 2216 magister.

155 2274 307 2312 Exem
348 2273 450 2311 lum
481 2272 540 2311 X·
564 2239 759 2325 Dictum
793 2246 855 2281 est
883 2243 934 2281 de
965 2243 1144 2293 quodam
1175 2243 1244 2293 qui
1274 2256 1441 2293 peregre
1471 2256 1557 2293 pro-

215 2333 277 2371 De
308 2284 476 2371 gutheo
531 2302 540 2310 '
657 2302 847 2341 ficiscens
884 2303 1090 2341 commisit
1124 2316 1296 2341 uxorem
1330 2315 1449 2341 suam
1484 2316 1557 2343 sue

482 2360 491 2369 ‘
566 2362 713 2399 socr-ui.
762 2362 872 2400 onr
906 2365 1044 2400 autem
1080 2375 1155 2401 sua
1189 2363 1316 2401 alium
1351 2363 1558 2413 quendam

140 2421 351 2459 adamauit
389 2423 429 2459 et
464 2421 585 2459 matri
623 2421 699 2459 hoc
737 2421 946 2459 indicauit.
998 2422 1085 2471 Que
1121 2426 1327 2461 commota
1362 2435 1435 2472 pro
1471 2423 1557 2460 filia

138 2480 243 2518 fauit
280 2481 410 2518 amori
449 2483 488 2518 et
524 2492 759 2519 conuocans
795 2493 965 2530 procum
1002 2481 1177 2520 eundem
1213 2483 1322 2531 cepit
1356 2495 1450 2520 cum
1486 2482 1555 2520 illo

1596 736 1640 768 10

1593 1036 1639 1068 10

1589 1333 1638 1366 20

1587 1929 1636 1963 30

140 2542 180 2578 et
222 2539 308 2578 filia
353 2540 520 2589 epulari.
578 2540 849 2589 Epulantibus
893 2541 975 2580 illis
1019 2542 1259 2590 superuenit
1299 2542 1472 2580 maritus
1518 2541 1633 2580 0140
