1790 2857
201 407 222 440 ἵ)

177 712 221 745 10

172 2490 218 2523 40

820 46 1095 84 —28—

300 195 360 233 De
393 195 623 244 sequendis
674 162 892 211 castigauit
925 162 1091 201 dicens:
1131 162 1313 212 Sequere
1349 163 1488 209 calles,
1528 175 1666 213 quam-

445 255 453 262 ,
545 254 570 263 ,.
674 222 740 259 uis
782 221 865 259 sint
903 221 1064 261 semitis
1105 222 1322 271 longiores.
1365 245 1415 249 -—
1456 223 1505 260 Et
1544 223 1666 261 item:

307 266 480 304 magms
512 266 611 293 vus'
674 282 824 331 Accipe
862 283 1042 331 puellam
1079 283 1123 321 in
1159 294 1344 330 uxorem,
1383 284 1573 333 quamuis
1612 284 1668 323 sit

247 343 399 381 uetula.
435 365 485 368 —
518 343 567 380 Et
599 342 718 380 item:
751 342 828 380 Fer
858 354 1015 380 merces
1048 345 1141 381 tuas
1175 343 1225 380 ad
1256 355 1426 392 magnas
1460 344 1666 390 ciuitates,

252 400 443 450 quamuis
479 400 535 437 ibi
570 400 696 438 uilius
732 400 914 439 uendere
948 403 1079 448 putes.
1138 400 1201 438 Ad
1236 401 1312 439 hec
1347 401 1478 439 filius:
1514 401 1666 439 Verum

249 464 310 500 est
346 461 455 511 quod
489 461 632 500 dixisti
666 461 717 499 de
750 461 911 511 magnis
945 462 1039 500 uiis.

247 562 467 611 Exempl.
494 528 740 617 XV111:N

292 624 332 666 a)
365 621 426 660 De
458 622 630 660 semita.

743 545 810 570 am
843 532 1021 582 quadam
1052 533 1120 571 die
1151 545 1245 571 cum
1277 545 1349 582 ego
1381 535 1420 571 et
1450 533 1552 572 socii
1583 534 1664 572 mei

765 593 1092 640 perrexissemus
1120 593 1171 631 ad
1195 593 1339 631 urbem
1365 593 1451 631 sole
1477 593 1528 631 ad
1553 605 1667 632 occa·

672 663 764 689 sum
795 652 1152 701 appropinquante
1183 655 1222 690 et
1250 652 1384 690 adhuc
1412 653 1530 701 longe
1559 665 1665 691 esse-

247 721 338 748 mus
384 722 408 748 a
451 710 632 756 ciuitate,
676 711 859 750 uidimus
901 712 1091 750 semitam
1135 724 1214 761 que
1257 711 1484 750 secundum
1526 712 1665 751 uisum

250 766 300 803 ad
341 766 552 805 ciuitatem
592 767 711 804 ituris
752 768 1019 816 promittebat
1057 768 1361 817 compendium.
1425 769 1664 807 Inuenimus

247 838 390 864 senem
435 839 459 864 a
497 839 578 876 quo
636 827 930 877 requisiuimus
988 829 1208 867 consilium
1260 829 1312 867 de
1355 828 1499 867 itinere
1554 828 1668 867 illius

247 886 403 924 semite.
454 886 508 924 At
544 899 672 925 senex
710 887 787 925 ait:
824 888 996 936 Propius
1034 888 1182 926 semita
1216 888 1330 926 ducit
1366 888 1418 926 ad
1453 888 1666 926 ciuitatem

247 957 371 994 quam
396 958 545 995 magna
567 947 649 992 uia,
676 949 715 984 et
735 950 875 985 tamen
897 948 1025 985 cicius
1050 960 1122 997 per
1145 960 1337 997 magnam
1358 948 1469 986 uiam
1496 948 1545 985 ad
1569 947 1668 986 ciui-

245 1007 373 1042 tatem
413 1006 590 1044 uenietis
634 1019 758 1056 quam
798 1019 872 1056 per
911 1008 1112 1046 semitam.
1165 1008 1252 1046 Hoc
1293 1007 1506 1045 audientes
1548 1007 1665 1045 illum

249 1074 323 1111 pro
374 1063 499 1101 stulto
550 1064 771 1102 habuimus
824 1067 864 1103 et
913 1077 1104 1114 magnam
1155 1066 1267 1103 uiam
1318 1065 1668 1114 pretermittentes

247 1124 392 1162 semite
423 1125 738 1164 declinauimus.
785 1126 916 1175 Quam
948 1127 1187 1165 insistentes
1219 1127 1270 1165 ad
1300 1127 1512 1165 dexteram
1543 1130 1583 1165 et
1613 1126 1665 1164 ad

246 1184 470 1230 sinistram,
508 1188 664 1234 quanta
697 1185 777 1223 fuit
811 1198 904 1231 nox,
939 1186 1223 1225 deerrauimus
1258 1199 1333 1224 nec
1367 1186 1418 1224 ad
1453 1186 1664 1224 ciuitatem

246 1244 524 1292 peruenimus.
570 1244 628 1283 Ac
660 1245 694 1284 si
726 1257 799 1294 per
829 1246 975 1284 callem
1006 1249 1220 1295 pergentes
1251 1246 1489 1292 fuissemus,
1521 1246 1665 1295 procul

313 1333 354 1377 b)
386 1333 447 1372 De
478 1334 588 1373 vado
672 1305 801 1342 (1111110
827 1305 969 1343 menia
994 1305 1183 1344 ciuitatis
1209 1305 1585 1344 subintrassemus.
1612 1327 1664 1331 —-

594 1365 602 1373 '
670 1363 791 1401 Pater
820 1364 870 1402 ad
898 1364 994 1402 hec:
1023 1365 1108 1402 Hoc
1137 1364 1219 1402 alia
1244 1365 1336 1402 uice
1365 1364 1482 1402 nobis
1513 1364 1666 1410 euenit,

246 1432 340 1459 cum
370 1434 639 1471 pergeremus
670 1423 721 1461 ad
750 1423 971 1461 ciuitatem
1000 1436 1073 1473 per
1101 1436 1297 1473 magnam
1326 1423 1463 1462 uiam:
1493 1426 1664 1473 preerat

246 1480 368 1519 nobis
392 1481 565 1527 fluuius,
593 1494 719 1531 quem
745 1495 915 1532 quoquo
941 1483 1064 1520 modo
1092 1483 1311 1521 transituri
1338 1495 1519 1529 eramus,
1548 1485 1660 1521 ante-

250 1551 377 1588 quam
399 1539 619 1578 ciuitatem
641 1541 910 1580 intraremus.
948 1541 1102 1591 Sicque
1125 1542 1247 1580 nobis
1272 1542 1351 1580 iter
1373 1542 1595 1592 agentibus
1618 1542 1662 1579 in

202 1601 215 1613 ⁷
249 1598 354 1636 duas
386 1602 528 1648 partes
560 1602 676 1637 secta
707 1602 771 1638 est
800 1600 894 1638 uia:
928 1613 1107 1650 quarum
1138 1613 1223 1638 una
1255 1601 1307 1638 ad
1338 1601 1557 1639 ciuitatem
1588 1613 1665 1650 per

249 1657 420 1704 uadum,
449 1658 534 1695 alia
560 1671 634 1707 per
660 1662 831 1708 pontem
857 1659 1051 1697 ducebat.
1091 1659 1251 1698 Deinde
1279 1660 1490 1709 quendam
1517 1672 1661 1698 senem

249 1716 450 1763 uidimus,
475 1729 600 1766 quem
623 1718 674 1755 de
697 1717 863 1755 duabus
887 1717 969 1756 uiis
995 1730 1075 1767 que
1100 1718 1273 1767 propius
1297 1719 1469 1756 duceret
1493 1719 1545 1756 ad
1560 1718 1662 1756 ciui-

250 1777 379 1813 tatem
406 1775 776 1825 interrogauimus.
817 1777 867 1814 Et
893 1789 1024 1814 senex
1051 1776 1110 1814 ait
1138 1777 1249 1826 quod
1275 1776 1446 1815 breuior
1473 1779 1562 1815 erat
1589 1777 1662 1815 uia

249 1846 323 1883 per
350 1835 509 1872 uadum
539 1835 590 1872 ad
620 1834 839 1873 ciuitatem
868 1835 1033 1873 duobus
1063 1835 1301 1873 miliaribus
1332 1848 1457 1885 quam
1488 1835 1559 1874 uia
1588 1848 1667 1885 per

244 1896 423 1942 pontem.
482 1893 562 1932 Sed
605 1896 746 1931 tamen
790 1894 930 1939 cicius,
976 1894 1120 1943 inquit,
1165 1906 1238 1942 per
1278 1897 1445 1942 pontem
1488 1895 1665 1943 potestis

243 1953 387 1991 uenire
427 1953 479 1991 ad
518 1953 739 1991 civitatem.
793 1953 842 1990 Et
879 1953 1047 2003 quidam
1087 1966 1137 1992 ex
1174 1954 1326 1992 nostris
1366 1954 1481 1991 illum
1520 1966 1662 1992 senem

244 2012 350 2050 sicut
368 2025 446 2051 uos
465 2015 652 2050 uestrum
672 2016 796 2050 antea
812 2013 1045 2051 deriserunt
1064 2016 1104 2051 et
1121 2025 1194 2061 per
1212 2013 1366 2051 uadum
1386 2014 1461 2051 iter
1481 2014 1661 2063 aggressi

243 2075 350 2109 sunt.
408 2072 488 2110 Sed
533 2085 675 2110 eorum
719 2072 788 2110 alii
831 2072 966 2110 socios
1010 2073 1247 2111 submersos
1288 2073 1546 2119 dimiserunt,
1590 2073 1660 2111 alii

245 2143 371 2180 equos
407 2134 445 2169 et
478 2132 663 2170 sarcinas
695 2131 972 2181 perdiderunt,
1007 2132 1173 2181 quidam
1205 2144 1304 2170 uero
1336 2144 1494 2181 pannos
1526 2133 1661 2171 made-

243 2190 387 2236 factos,
423 2191 492 2228 alii
525 2191 693 2229 omnino
725 2191 902 2230 amissos
932 2191 1200 2230 defleuerunt.
1246 2192 1325 2230 Sed
1357 2204 1432 2230 nos
1465 2195 1504 2230 et
1533 2204 1663 2230 senex

244 2249 387 2284 noster
424 2246 492 2295 qui
529 2259 602 2295 per
638 2250 805 2296 pontem
843 2248 1125 2294 transiuimus,
1164 2248 1254 2286 sine
1290 2248 1583 2297 impedimento
1621 2250 1662 2286 et

244 2305 401 2354 absque
438 2307 549 2344 omni
583 2307 846 2345 incommodo
880 2308 1158 2356 processimus
1194 2310 1233 2346 et
1267 2320 1337 2346 eos
1372 2320 1495 2356 super
1528 2307 1659 2356 ripam

243 2364 425 2402 fluminis
455 2365 589 2403 adhuc
616 2366 817 2404 iacturam
843 2366 1042 2405 deflentes
1069 2367 1307 2416 reperimus.
1348 2367 1504 2416 Quibus
1532 2366 1659 2404 flenti-

244 2422 324 2460 bus
365 2425 404 2460 et
443 2422 527 2460 ima
566 2423 682 2461 fluuii
723 2436 816 2462 cum
855 2425 997 2462 rastris
1039 2427 1078 2462 et
1116 2437 1268 2474 sagena
1306 2423 1661 2473 perscrutantibus

244 2495 372 2521 senex
407 2483 483 2521 ait:
519 2484 561 2522 Si
594 2485 811 2523 nobiscum
843 2497 916 2534 per
947 2488 1114 2534 pontem
1146 2485 1445 2534 perrexissetis,
1480 2485 1554 2523 hoc
1589 2485 1659 2522 im-

243 2542 524 2592 pedimentum
557 2555 640 2581 non
672 2544 890 2582 haberetis.
936 2546 989 2582 At
1019 2545 1077 2582 ilii
1108 2545 1321 2583 dixerunt:
1352 2545 1438 2583 Hoc
1470 2544 1660 2591 fecimus,
