1790 2857
213 464 235 496 Ο(

192 762 234 795 10

191 1085 231 1117 15

186 1983 231 2016 30

833 102 1107 139 *13—

263 219 542 257 numerabilis.
578 220 772 257 Permitte
793 232 887 268 ergo
908 220 1190 268 supradictum
1211 221 1408 259 rusticum
1431 234 1527 259 suas
1551 225 1677 273 trans·-

261 279 367 317 ferre
398 291 510 325 oues,
541 281 579 316 et
607 291 732 328 quam
760 279 893 328 incepi
922 279 1106 317 fabulam
1135 280 1185 318 ad
1214 280 1337 318 finem
1365 281 1597 329 perducam.
1627 304 1677 308 ——

262 339 483 376 Fabulator
522 339 673 376 etenim
711 339 787 376 hoc
826 339 947 376 modo
985 352 1119 387 regem
1156 340 1297 388 longas
1336 341 1478 378 audire
1513 341 1677 380 fabulas

262 399 503 448 gestientem
537 398 782 447 pacificauit.
829 398 984 447 Quodsi
1017 399 1193 447 amplius
1225 412 1290 437 me
1321 400 1513 448 predictis
1547 401 1677 438 eciam

262 459 480 496 subtexere
519 458 600 496 alia
636 458 896 507 compuleris,
935 459 1017 496 iam
1051 458 1149 496 dicti
1185 459 1364 507 presidio
1400 461 1575 509 exempli
1612 473 1677 498 me

261 518 489 555 deliberare
540 518 732 556 conabor.
797 518 1053 566 Discipulus:
1094 518 1255 556 Dictum
1306 522 1368 557 est
1404 520 1448 557 in
1496 520 1675 569 antiquis

261 577 490 626 prouerbiis
532 577 641 626 quod
682 589 764 615 non
805 577 948 615 eadem
987 578 1309 626 compunccione
1348 578 1458 616 dolet
1495 580 1564 628 qui
1604 592 1676 628 pro

262 636 502 674 muneribus
537 636 776 676 lacrimatur
809 639 848 674 et
881 637 950 686 qui
984 637 1047 675 sui
1081 637 1221 675 dolore
1254 637 1436 685 corporis
1471 642 1673 687 grauatur.

260 696 402 745 Neque
436 708 571 744 regem
604 696 706 734 adeo
738 696 882 734 dilexit
912 697 1119 734 fabulator
1149 697 1258 735 sicut
1289 699 1327 734 et
1358 701 1401 735 tu
1422 710 1497 736 ine
1528 698 1674 747 diligis.

260 755 396 794 Voluit
427 756 536 793 enim
563 756 715 794 fabulis
746 756 831 794 suis
862 768 954 793 eum
983 757 1241 805 aliquantum
1269 757 1477 803 seducere,
1508 760 1551 795 tu
1577 769 1677 796 uero

260 828 326 853 me
351 815 601 864 discipulum
626 816 806 853 minime.
844 816 958 853 Vnde
984 828 1127 864 precor
1151 829 1201 854 ne
1228 816 1310 854 iam
1335 819 1565 865 promotam
1590 830 1676 855 nar-

262 875 469 913 racioncm
511 875 632 913 modo
672 876 776 913 uelis
819 875 1068 921 subducere3
1109 876 1180 914 sed
1220 876 1421 925 prelibata
1458 877 1676 915 mulierum

261 935 424 983 ingenia
455 935 670 984 diligenter
698 935 844 984 pande.
886 935 1099 983 Magister:

756 1023 880 1060 ictum
906 1026 967 1061 est
990 1024 1098 1073 quod
1122 1024 1289 1073 quidam
1314 1024 1462 1062 nobilis
1484 1025 1678 1074 progenie

779 1083 948 1120 haberet
972 1096 1142 1121 uxorem
1165 1087 1322 1121 castam
1346 1084 1518 1122 nimium
1542 1088 1580 1122 et
1602 1085 1677 1123 for-

685 1155 856 1179 mosam.
925 1141 1102 1191 Contigit
1152 1144 1258 1181 forte
1312 1144 1419 1193 quod
1473 1144 1677 1183 oracionis

685 1202 821 1240 studio
852 1203 1025 1240 Romam
1053 1203 1179 1241 uellet
1206 1204 1330 1250 adire,
1361 1204 1432 1242 scd
1460 1204 1585 1241 alium
1613 1216 1677 1242 cu-

259 1255 419 1297 stodem
458 1261 576 1298 uxori
616 1273 690 1299 sue
729 1262 808 1299 nisi
846 1262 1111 1311 semetipsam
1150 1263 1282 1300 noluit
1317 1264 1526 1311 deputare,
1567 1264 1675 1301 illius

259 1320 384 1358 castis
425 1321 609 1358 moribus
661 1321 765 1359 satis
806 1321 987 1359 confisus
1040 1325 1079 1359 et
1117 1323 1331 1371 probitatis
1371 1323 1538 1361 honore.
1603 1324 1675 1361 Hic

261 1382 397 1416 autem
433 1383 577 1428 parato
612 1381 811 1418 comitatu
846 1381 957 1419 abiit.
1004 1382 1114 1420 onr
1145 1394 1245 1420 uero
1279 1386 1390 1420 caste
1424 1383 1604 1420 uiuendo
1639 1385 1678 1420 et

260 1439 300 1476 in
330 1440 519 1477 omnibus
546 1440 767 1488 prudenter
793 1453 916 1489 agens
943 1442 1151 1479 remansit.
1191 1442 1350 1480 Accidit
1376 1442 1540 1480 tandem
1567 1443 1676 1492 quod

261 1499 507 1537 necessitate
537 1501 751 1548 compulsa
779 1513 802 1538 a
829 1501 952 1538 domo
981 1514 1056 1539 sua
1083 1502 1249 1550 propria
1277 1514 1393 1540 suam
1423 1506 1677 1540 conuentura

259 1558 440 1595 uicinam
485 1559 754 1607 egrederetur.
824 1560 910 1609 Que
966 1564 1130 1608 peracto
1185 1561 1353 1609 negocio
1408 1561 1459 1598 ad
1511 1562 1675 1610 propria

261 1618 470 1655 remeauit.
523 1618 655 1667 Quam
693 1620 856 1657 iuuenis
895 1624 1103 1668 aspectam
1142 1620 1299 1658 ardenti
1336 1633 1474 1658 amore
1508 1620 1676 1669 diligere

260 1678 367 1726 cepit
402 1681 441 1715 et
474 1679 672 1725 plurimos
707 1679 758 1716 ad
792 1692 883 1716 eam
915 1680 1065 1717 direxit
1099 1680 1284 1726 nuncios,
1319 1680 1488 1728 cupiens
1522 1680 1572 1717 ab
1607 1680 1676 1717 illa

261 1749 343 1786 qua
369 1740 531 1775 tantum
558 1738 729 1776 ardebat
755 1739 894 1776 amari.
937 1739 1092 1787 Quibus
1120 1740 1365 1788 contemptis
1394 1752 1486 1777 eum
1514 1740 1675 1788 penitus

261 1797 427 1845 spreuit.
480 1798 647 1836 quenis
686 1810 779 1836 cum
817 1811 863 1836 se
899 1799 958 1836 sic
995 1802 1275 1847 contemptum
1313 1799 1494 1845 sentiret,
1531 1799 1676 1837 dolens

262 1856 364 1894 adeo
418 1856 594 1894 efficitur
643 1859 690 1894 ut
742 1857 868 1895 nimio
920 1857 1167 1896 infirmitatis
1220 1859 1373 1896 honere
1424 1861 1673 1906 grauaretur.

260 1916 406 1964 Scpius
430 1919 569 1954 tamen
590 1917 686 1954 illuc
709 1917 795 1954 ibat
815 1929 896 1966 quo
917 1917 1127 1955 dominam
1150 1930 1356 1966 egressam
1378 1918 1551 1964 uiderat,
1574 1918 1676 1956 desi-

258 1975 408 2013 derans
447 1988 538 2013 eam
574 1976 796 2018 conuenire
808 1991 816 2022 3
855 1977 925 2014 sed
962 1988 1224 2026 nequaquam
1259 1978 1465 2026 preualuit
1500 1977 1673 2015 efficere.

260 2033 332 2071 Cui
368 2047 440 2083 pre
473 2035 614 2073 dolore
648 2036 879 2074 lacrimanti
914 2036 959 2073 fit
993 2037 1116 2074 obuia
1150 2049 1252 2074 anus
1289 2037 1496 2086 religionis
1531 2037 1674 2075 habitu

258 2094 463 2141 decorata,
498 2107 673 2144 querens
707 2108 884 2144 quenam
916 2099 1025 2134 esset
1055 2108 1182 2134 causa
1212 2108 1290 2145 que
1321 2109 1414 2134 eum
1446 2097 1504 2135 sic
1534 2097 1675 2135 dolore

259 2155 532 2202 compelleret.
570 2155 650 2192 Sed
672 2155 834 2193 iuuenis
858 2168 937 2205 que
959 2156 1000 2192 in
1023 2168 1098 2194 sua
1119 2157 1393 2194 uersabantur
1416 2156 1676 2194 consciencia

258 2213 427 2251 minime
470 2214 659 2263 detegere
701 2215 879 2253 uolebat.
936 2216 997 2252 Ad
1040 2228 1162 2265 quem
1207 2226 1331 2253 anus:
1376 2216 1537 2264 Quanto
1581 2215 1672 2264 quis

258 2272 537 2311 infirmitatem
567 2287 685 2312 suam
712 2274 871 2312 medico
899 2275 1083 2313 reuelare
1109 2275 1326 2322 distulerit,
1354 2278 1467 2314 tanto
1496 2274 1671 2324 grauiori

257 2333 401 2369 morbo
442 2334 604 2371 attritus
644 2334 778 2372 fuerit.
834 2334 922 2383 Quo
962 2335 1102 2372 audito
1143 2335 1327 2372 narrauit
1365 2335 1401 2372 ei
1442 2347 1491 2372 ex
1530 2333 1671 2371 ordine

258 2403 337 2440 que
379 2392 457 2429 sibi
513 2393 748 2431 acciderant
790 2396 829 2431 et
881 2406 1002 2432 suum
1042 2395 1277 2443 propalauit
1316 2397 1529 2432 secretum.
1598 2391 1671 2430 Cui

258 2463 383 2488 anus:
408 2451 464 2488 De
485 2452 549 2490 his
572 2465 650 2501 que
671 2453 753 2490 iam
774 2453 915 2491 dixisti
936 2454 1001 2492 dei
1025 2454 1180 2492 auxilio
1202 2454 1426 2491 remedium
1447 2453 1669 2490 inueniam.

257 2510 305 2547 Et
332 2522 379 2548 eo
405 2511 546 2549 relicto
572 2512 622 2548 ad
647 2513 812 2561 propria
836 2513 1046 2551 remeauit.
1085 2514 1134 2551 Et
1158 2514 1388 2551 caniculam
1414 2524 1536 2562 quam
1563 2512 1670 2560 apud

284 1053 509 1102 Exempl.
533 1054 660 1092 XIII:
684 1019 748 1106 D

327 1113 388 1150 De
420 1113 618 1151 canicula

332 1172 603 1210 lacrimante.

352 2591 396 2624 20
422 2595 638 2626 commeatu.
