1846 2857
585 690 722 776 Dixit
779 694 922 731 Petrus
968 693 1181 739 Alfunsus,
1228 704 1373 730 seruus
1419 691 1570 731 Christi

232 725 504 774 Pr010gus.
669 753 794 791 Jhesu
836 765 926 791 com
1011 752 1039 790 ‘t
1111 753 1137 790 h
1173 753 1178 758 ·
1218 765 1232 773 w
1259 752 1373 790 sb*
1399 751 1453 789 G,
1509 751 1547 783 θ

798 785 808 800 ,
930 764 1020 801 posi
1043 765 1087 790 or
1141 764 1233 790 ulus
1276 765 1373 790 111.
1437 763 1568 789 raeias

152 826 230 863 ago
271 814 361 860 deo,
403 813 472 863 qui
511 813 668 862 primus
710 815 771 851 est
810 812 901 850 sine
939 812 1155 860 principio,
1197 824 1220 849 a
1248 823 1328 860 quo
1367 811 1570 848 bonorum

153 873 340 911 omnium
379 876 441 911 est
475 872 736 922 principium,
775 871 869 910 finis
906 872 995 909 sine
1031 871 1125 918 fine,
1161 871 1295 909 tocius
1332 870 1429 908 boni
1464 882 1571 908 com-

155 934 420 981 plementum,
466 932 631 981 sapiens
677 932 745 982 qui
789 931 1043 980 sapienciam
1086 934 1127 970 et
1170 930 1377 968 racionem
1430 930 1573 978 prebet

154 992 324 1038 homini,
368 992 437 1041 qui
478 1004 552 1029 nos
594 1004 670 1029 sua
709 991 911 1039 aspirauit
949 990 1162 1039 sapiencia
1200 992 1241 1028 et
1279 1001 1353 1028 sue
1393 989 1571 1027 racionis

152 1052 387 1089 admirabili
422 1051 645 1089 illustrauit
676 1051 862 1088 claritate
895 1054 935 1088 et
965 1049 1206 1088 multiformi
1238 1049 1371 1088 sancti
1403 1049 1571 1098 spiritus

154 1111 218 1149 sui
258 1110 406 1148 ditauit
443 1110 590 1160 gracia.
642 1110 747 1159 Quia
783 1110 905 1159 igitur
941 1122 1006 1148 nie
1042 1109 1139 1147 licet
1174 1112 1433 1158 peccatorem
1468 1108 1571 1146 deus

153 1170 397 1208 multimoda
427 1170 580 1208 uestire
609 1169 800 1218 dignatus
830 1173 892 1207 est
920 1169 1142 1218 sapiencia,
1172 1181 1223 1207 ne
1251 1169 1420 1206 lucerna
1447 1167 1572 1205 michi

155 1230 311 1268 credita
352 1230 429 1267 sub
470 1229 608 1267 modio
651 1232 757 1267 tecta
798 1230 934 1274 lateat,
978 1229 1122 1267 eodem
1162 1228 1309 1277 spiritu
1350 1228 1572 1277 instigante

152 1290 206 1327 ad
238 1290 461 1327 multorum
490 1289 711 1326 utilitatem
742 1289 850 1326 hunc
880 1288 1030 1326 librum
1058 1300 1306 1336 componere
1336 1287 1571 1325 admonitus

153 1361 260 1395 sum,
283 1349 419 1397 ipsum
441 1349 676 1393 obsecrans,
708 1352 755 1385 ut
785 1348 879 1385 huic
911 1348 993 1385 mei
1026 1347 1153 1385 libelli
1184 1347 1386 1396 principio
1418 1347 1572 1385 bonum

154 1407 279 1446 finem
323 1408 518 1457 adiungat
559 1420 707 1457 meque
749 1407 966 1453 custodiat,
1008 1419 1060 1445 ne
1102 1407 1199 1456 quid
1240 1407 1282 1444 in
1324 1419 1371 1444 eo
1411 1406 1574 1444 dicatur

150 1467 263 1516 quod
308 1480 382 1505 suc·
426 1467 642 1516 displiceat
683 1467 900 1505 uoluntati.
954 1467 1099 1504 Amen.

237 1527 345 1564 Deus
381 1527 503 1576 igitur
535 1527 578 1564 in
610 1527 686 1564 hoc
720 1527 919 1575 opusculo
950 1526 1075 1563 michi
1108 1526 1162 1564 sit
1194 1526 1236 1563 in
1268 1525 1469 1563 auxilium
1502 1524 1574 1574 qui

152 1598 220 1624 me
252 1586 405 1624 librum
438 1587 547 1623 hunc
581 1598 826 1635 componere
860 1588 900 1624 et
930 1586 972 1623 in
1004 1585 1179 1623 latinum
1213 1585 1435 1623 transferre
1466 1597 1572 1622 com-

151 1645 268 1694 pulit.
306 1645 409 1684 Cum
431 1646 541 1683 enim
562 1646 670 1693 apud
692 1658 756 1683 me
777 1646 918 1694 sepius
941 1645 1200 1683 retractando
1222 1645 1402 1683 humane
1424 1656 1572 1682 causas

153 1705 381 1744 creacionis
427 1705 664 1743 omnimodo
706 1705 811 1743 scire
851 1705 1096 1751 laborarem,
1138 1705 1365 1742 humanum
1407 1704 1575 1754 quidem

153 1764 364 1813 ingenium
399 1764 539 1802 inueni
573 1777 623 1802 ex
654 1766 847 1813 precepto
879 1764 1102 1802 conditoris
1135 1764 1187 1802 ad
1218 1764 1295 1801 hoc
1329 1776 1420 1802 esse
1450 1763 1573 1812 depu-

153 1826 296 1871 tatum,
336 1826 382 1862 ut
418 1824 616 1873 quamdiu
653 1827 716 1862 est
750 1825 794 1861 in
829 1824 969 1862 seculo
1006 1824 1048 1861 in
1084 1827 1226 1861 sancte
1263 1823 1427 1861 studeat
1463 1835 1573 1861 exer-

154 1883 357 1921 citacione
400 1883 674 1932 philosophie,
719 1896 801 1933 qua
841 1883 892 1921 de
934 1886 1118 1921 creatore
1161 1895 1237 1921 suo
1277 1883 1490 1920 meliorem
1534 1885 1574 1920 et

154 1943 355 1981 maiorem
386 1943 538 1981 habeat
568 1943 774 1989 noticiam,
807 1946 847 1981 et
874 1943 1087 1981 moderata
1115 1943 1258 1981 uiuere
1289 1942 1452 1980 studeat
1481 1954 1572 1980 con-

153 2001 336 2040 tinencia
374 2005 413 2040 et
448 2003 499 2040 ab
535 2002 846 2040 imminentibus
883 2002 988 2040 sciat
1021 2002 1100 2040 sibi
1134 2014 1358 2051 precauere
1395 2001 1573 2039 aduersi-

154 2061 308 2099 tatibus
349 2073 480 2111 eoque
516 2062 679 2100 tramite
716 2062 924 2111 gradiatur
959 2062 1003 2099 in
1037 2062 1178 2100 seculo
1214 2061 1283 2110 qui
1321 2073 1414 2099 eum
1448 2061 1575 2099 ducat

152 2120 207 2158 ad
232 2132 356 2169 regna
378 2121 570 2159 celorum.
606 2121 762 2170 Quodsi
782 2121 826 2158 in
845 2120 1006 2170 prefata
1027 2124 1170 2159 sancte
1191 2120 1408 2169 discipline
1428 2132 1574 2158 norma

153 2180 318 2226 uixerit,
356 2180 432 2217 hoc
467 2180 634 2229 quidem
667 2192 740 2229 pro
775 2192 855 2229 quo
889 2182 1052 2218 creatus
1087 2183 1150 2218 est
1183 2179 1406 2228 compleuit
1437 2180 1573 2218 debet-

152 2251 235 2288 que
265 2239 472 2288 perfectus
505 2239 714 2287 appellari.
758 2239 958 2288 Fragilem
989 2239 1120 2277 eciam
1148 2239 1329 2277 hominis
1360 2251 1451 2277 esse
1480 2251 1573 2277 con-

154 2298 336 2337 sideraui
382 2298 732 2346 complexionem:
789 2311 869 2348 que
913 2311 964 2336 ne
1004 2298 1160 2336 tedium
1203 2298 1397 2346 incurrat,
1453 2299 1572 2348 quasi

154 2357 422 2407 prouehendo
459 2358 602 2406 paucis
640 2360 680 2395 et
713 2358 856 2406 paucis
892 2358 1134 2395 instruenda
1169 2361 1230 2396 est
1240 2372 1250 2404 ;
1285 2358 1442 2397 duricie
1477 2370 1572 2408 quo-

152 2429 236 2467 que
271 2418 359 2455 eius
394 2417 644 2463 recordatus,
678 2420 722 2454 vt
750 2417 915 2454 facilius
949 2417 1135 2464 retineat,
1169 2417 1473 2467 quodammodo
1507 2430 1572 2456 ne-

156 2477 345 2515 cessario
379 2476 609 2514 mollienda
642 2479 684 2514 et
715 2476 998 2514 dulcificanda
1030 2479 1116 2523 est;
1150 2477 1251 2526 quia
1284 2480 1325 2516 et
1359 2477 1571 2516 obliuiosa

258 2557 497 2606 Uberschrift:
521 2564 708 2606 Incipiunt
727 2564 925 2607 protem-bia
944 2565 1044 2607 petri
1067 2565 1110 2597 (Ze
1135 2564 1296 2597 clericali
1320 2564 1526 2608 disciplina.

227 2633 417 2666 Sammlung
436 2633 747 2661 mittellateinischer
765 2634 873 2661 Texte.
895 2634 921 2660 1.
1417 2636 1429 2660 1

1624 929 1644 961 υ(

1603 1228 1647 1262 10

1604 1528 1647 1561 15

1601 1829 1647 1862 20

1600 2124 1645 2157 25

1600 2423 1646 2456 30
