1790 2857
175 406 197 439 01

152 716 195 749 10

146 1633 165 1665 lc

169 1633 190 1665 ων

145 1940 190 1972 30

142 2552 188 2585 40

796 45 1068 82 -40Η

226 168 265 205 et
298 178 462 215 semper
496 165 550 204 sit
582 165 765 202 intentus
800 163 943 202 audire
977 162 1086 212 quod
1119 162 1219 200 dicit
1252 174 1335 208 rex,
1370 174 1421 200 ne
1456 163 1643 210 oporteat

225 238 361 276 regem
397 226 460 263 bis
496 226 735 274 preceptum
771 225 953 272 repetere
965 237 974 269 ;
1011 222 1299 272 quodcumque
1335 234 1407 259 rex
1441 220 1642 270 precipiat

223 286 368 332 faciat3
399 285 472 323 sed
500 287 648 322 caueat
674 296 726 321 ne
753 283 836 332 regi
863 281 1105 327 menciatur,
1135 283 1175 319 et
1200 281 1341 319 uideat
1368 280 1476 331 quod
1505 292 1642 330 regem

225 344 368 393 diligat
399 345 439 381 et
470 342 523 380 sit
555 342 591 380 ei
624 340 842 387 obediens3
874 352 949 378 nec
980 351 1165 389 unquam
1198 339 1377 377 associet
1407 351 1451 377 se
1483 338 1640 376 homini

223 418 346 456 quem
381 418 453 444 rex
487 405 580 443 odio
613 404 792 442 habebit.
838 404 888 441 Et
919 415 1013 441 cum
1045 403 1121 440 hec
1155 402 1294 440 omnia
1327 405 1366 440 et
1396 402 1526 440 multa
1559 401 1640 440 alia

220 468 377 515 fecerit,
406 467 582 506 forsitan
606 478 801 515 magnum
827 478 909 503 non
934 464 1103 503 habebit
1126 464 1177 502 de
1203 476 1296 513 rege
1322 463 1562 512 proficuum.
1589 485 1639 489 —-

222 530 371 568 Filius:
401 528 535 566 Nichil
564 528 682 577 peius
711 527 910 576 contingit
935 526 1092 564 homini
1121 537 1246 575 quam
1273 525 1343 563 diu
1371 524 1455 574 regi
1483 524 1639 563 seruire

223 593 262 629 et
293 590 418 628 nichil
449 589 547 628 boni
577 589 801 638 acquirere.
843 589 983 626 Pater:
1013 588 1099 625 Hoc
1129 586 1269 625 multis
1300 586 1383 624 iam
1413 586 1549 624 euenit
1560 600 1569 632 ;
1601 589 1640 624 et

221 652 315 691 ideo
352 651 526 701 precipit
562 651 834 700 philosophus
874 662 924 688 ne
961 649 1183 699 quisquam
1219 648 1343 686 nimis
1379 650 1560 686 moretur
1596 647 1639 685 in

221 714 399 752 seruicio
434 713 551 762 regis.
598 713 648 750 Et
681 712 786 750 alius
820 711 1091 761 philosophus
1124 710 1248 748 dixit:
1284 710 1361 759 Qui
1396 709 1524 748 seruit
1556 709 1639 758 regi

219 777 264 814 ut
294 776 351 813 ita
379 775 515 813 dicam
543 774 635 812 sine
661 773 856 820 fortunio,
886 773 963 811 hoc
993 773 1179 811 seculum
1207 771 1340 821 perdit
1369 774 1408 810 et
1436 771 1558 809 aliud.
1588 793 1638 796 ——

357 836 418 874 De
455 835 579 874 modo
715 833 864 871 Filius:
893 832 924 871 O
950 835 1079 882 pater,
1105 844 1232 882 quare
1258 831 1409 870 oblitus
1435 843 1478 869 es
1503 830 1639 869 dicere

335 895 599 933 comedendi.
714 892 920 943 quomodo
950 892 1072 930 debet
1101 892 1225 930 homo
1253 890 1470 929 comedere
1499 902 1637 928 coram

220 957 343 1003 rege?
387 953 526 991 Pater:
558 953 651 991 Non
681 953 831 991 oblitus
862 952 922 990 fui
951 951 1100 998 dicere,
1132 951 1229 1001 quia
1259 951 1372 988 nulla
1401 950 1639 988 differencia

221 1018 282 1053 est
319 1015 425 1052 inter
461 1014 676 1052 comedere
712 1025 851 1052 coram
887 1025 979 1066 rege
1015 1016 1055 1051 et
1089 1013 1199 1051 alibi.
1249 1012 1397 1050 Filius:
1435 1011 1506 1049 Dic
1543 1023 1638 1060 ergo

219 1076 425 1126 quomodo
462 1076 618 1125 ubique
653 1076 828 1114 debeam
865 1074 1091 1113 comedere.
1140 1075 1279 1112 Pater:
1319 1074 1420 1113 Cum
1457 1074 1636 1112 ablueris

219 1150 367 1176 manus
400 1140 446 1175 ut
477 1137 684 1183 comedas,
717 1137 844 1174 nichil
875 1140 1019 1185 tangas
1053 1136 1132 1174 nisi
1163 1136 1382 1185 prandium
1413 1135 1544 1173 donec
1575 1147 1637 1173 co-

218 1199 382 1245 medas;
406 1211 480 1237 nec
501 1199 694 1237 comedas
714 1211 863 1248 panem
884 1198 1125 1248 priusquam
1144 1198 1284 1236 ueniat
1305 1197 1416 1235 aliud
1435 1197 1638 1235 ferculum

217 1273 342 1310 super
372 1255 582 1307 mensam,
624 1273 676 1298 ne
714 1260 865 1298 dicaris
905 1260 1153 1308 impaciens;
1193 1271 1268 1297 nec
1305 1262 1466 1297 tantum
1504 1271 1635 1307 ponas

218 1323 358 1360 bolum
389 1322 432 1360 in
461 1334 531 1360 ore
558 1325 630 1360 tuo
658 1324 704 1360 ut
731 1322 836 1359 mice
864 1321 1050 1359 defluant
1078 1321 1173 1359 hinc
1203 1323 1242 1359 et
1269 1320 1376 1366 inde,
1407 1332 1457 1358 ne
1485 1320 1636 1358 dicaris

218 1384 348 1433 gluto;
383 1395 457 1422 nec
489 1384 644 1432 glucias
676 1384 816 1421 bolum
846 1383 1089 1433 priusquam
1119 1383 1223 1421 bene
1252 1382 1377 1420 fuerit
1406 1381 1636 1420 commasti-

217 1448 355 1484 catum
384 1446 426 1483 in
455 1458 525 1483 ore
551 1448 635 1492 tuo,
664 1457 716 1483 ne
742 1445 1032 1494 stranguleris5
1061 1456 1135 1482 nec
1162 1445 1311 1493 pocula
1338 1456 1478 1481 sumas
1506 1444 1636 1481 donec

216 1506 270 1544 sit
306 1519 351 1545 os
384 1519 577 1553 uacuum,
613 1519 665 1545 ne
697 1507 848 1545 dicaris
882 1506 1077 1552 uinosus3
1111 1518 1186 1544 nec
1220 1505 1402 1555 loquaris
1436 1505 1534 1543 dum
1568 1505 1635 1543 ali-

217 1568 314 1617 quid
352 1568 395 1605 in
432 1581 502 1606 ore
537 1571 608 1606 tuo
642 1568 838 1614 tenueris,
877 1580 927 1606 ne
963 1567 1119 1617 aliquid
1156 1568 1279 1605 intret
1312 1567 1363 1605 de
1399 1569 1558 1615 gutture
1593 1566 1635 1603 in

217 1629 406 1667 intimam
437 1630 631 1668 arteriam
661 1633 701 1668 et
728 1630 787 1668 sic
817 1630 870 1668 sit
898 1629 971 1667 tibi
1000 1642 1127 1667 causa
1155 1629 1319 1674 mortis;
1350 1631 1389 1666 et
1418 1628 1451 1666 si
1480 1628 1634 1666 uideris

216 1691 357 1729 bolum
400 1691 509 1740 quod
551 1692 714 1740 placeat
754 1691 828 1728 tibi
870 1691 913 1728 in
954 1690 1175 1739 parapside
1216 1702 1354 1728 coram
1397 1689 1540 1734 sodali,
1582 1701 1635 1726 ne

220 1764 378 1798 sumas,
416 1764 467 1789 ne
505 1752 670 1790 dicatur
706 1752 783 1790 tibi
820 1764 955 1801 praua
992 1751 1222 1789 rusticitas.
1272 1752 1370 1789 Post
1407 1750 1633 1800 prandium

218 1825 369 1850 manus
401 1813 539 1859 ablue,
573 1813 673 1862 quia
704 1812 916 1862 phisicum
947 1815 1010 1850 est
1041 1815 1081 1850 et
1111 1812 1293 1858 curiale3
1326 1812 1376 1849 ob
1408 1812 1486 1849 hoc
1518 1811 1631 1849 enim

217 1874 447 1912 multorum
470 1873 580 1911 oculi
605 1873 930 1919 deteriorantur,
956 1873 1157 1923 quoniam
1181 1875 1276 1921 post
1299 1872 1477 1922 prandia
1500 1872 1629 1909 mani-

218 1935 296 1972 bus
327 1946 410 1972 non
441 1934 597 1972 ablutis
628 1936 861 1983 terguntur.

298 1996 447 2034 Filius:
486 1996 529 2034 Si
566 1996 658 2045 quis
696 1995 937 2033 inuitauerit
970 2007 1036 2032 me
1072 1995 1123 2033 ad
1157 1994 1388 2043 prandium,
1427 1994 1634 2044 quomodo

217 2058 511 2106 respondebo?
555 2057 792 2095 Concedam
821 2056 966 2094 statim
996 2068 1049 2094 an
1078 2060 1192 2094 non?
1234 2057 1378 2094 Pater:
1408 2056 1489 2094 Fac
1519 2055 1630 2094 sicut

216 2118 438 2156 auctoritas
483 2118 702 2156 Iudeorum
744 2117 936 2166 precipit!
992 2117 1099 2155 Dicit
1139 2117 1270 2155 enim:
1313 2117 1356 2155 Si
1397 2116 1489 2166 quis
1531 2116 1632 2154 inui—

214 2179 366 2217 tauerit
410 2182 460 2225 te,
505 2179 651 2217 uideas
695 2191 916 2228 personam
959 2179 1187 2216 inuitantis.
1245 2178 1288 2216 Si
1333 2178 1441 2216 enim
1484 2190 1633 2227 magna

214 2252 394 2289 persona
423 2241 557 2287 fuerit,
590 2240 729 2279 statim
759 2240 958 2286 concede3
990 2240 1055 2278 sin
1083 2242 1234 2285 autem,
1265 2239 1492 2277 secundum
1522 2239 1631 2288 quod

217 2301 292 2339 erit
329 2302 396 2339 uel
434 2302 620 2340 secunda
655 2302 722 2340 uel
759 2302 888 2340 tercia
924 2301 1027 2339 uice.
1077 2302 1164 2339 Hoc
1203 2301 1333 2339 eciam
1370 2301 1543 2339 refertur
1579 2300 1631 2337 de

213 2362 463 2400 Abbraham.
506 2363 692 2411 Quadam
721 2363 829 2401 enim
855 2363 922 2400 die
947 2363 1045 2400 dum
1071 2375 1210 2401 coram
1236 2375 1313 2400 sua
1340 2364 1466 2400 staret
1492 2362 1628 2407 ianua,

214 2426 477 2461 transeuntes
517 2424 593 2461 sub
632 2424 815 2462 humana
852 2424 989 2473 specie
1025 2423 1131 2461 uidit
1167 2426 1249 2462 tres
1287 2423 1464 2472 angelos.
1517 2421 1628 2471 Quos

214 2485 304 2534 ipse
347 2496 465 2523 suam
507 2484 676 2522 domum
718 2485 872 2522 intrare
913 2485 1087 2523 honesto
1129 2485 1248 2522 uultu
1289 2483 1459 2532 rogauit,
1502 2482 1627 2531 pedes

214 2546 369 2592 lauare,
405 2545 590 2584 ciborum
625 2546 898 2584 refeccionem
932 2558 1106 2592 sumere,
1141 2546 1273 2583 lassos
1309 2547 1420 2582 artus
1455 2555 1628 2592 sompno
