1790 2857
173 762 216 795 10

172 1061 214 1094 15

171 1660 215 1692 25

172 1959 217 1991 30

172 2257 217 2291 35

173 2554 219 2588 40

240 211 347 249 sicut
388 210 550 248 duobus
593 209 889 248 ioculatoribus
932 208 1102 258 contigit
1142 211 1237 246 ante
1279 221 1426 258 regem.
1479 208 1541 246 Ad
1581 208 1658 247 hec

243 268 375 306 filius:
404 268 535 306 Narra
562 267 700 313 michi,
730 270 857 315 pater,
889 267 1070 304 obsecro.
1123 265 1263 304 Pater:
1292 267 1393 304 Fiat.

266 372 489 421 Exempl.
513 372 639 410 XXI:
683 337 753 425 V

326 431 387 469 De
420 431 584 469 duobus

288 490 614 529 ioculatoribus.

760 340 843 378 enit
865 339 1032 389 quidam
1053 339 1255 378 ioculator
1274 339 1325 377 ad
1346 352 1492 389 regem.
1527 339 1659 388 Quem

757 402 952 438 uocatum
981 411 1053 437 rex
1081 410 1175 436 cum
1202 398 1283 437 alio
1310 399 1534 437 ioculatore
1561 398 1660 437 fecit

665 459 810 497 sedere
853 461 975 509 atque
1017 458 1243 497 comedere.
1300 458 1380 496 Sed
1421 458 1492 508 qui
1543 458 1657 507 prius

667 519 809 557 aderat
847 518 1059 564 ioculator,
1099 518 1208 567 cepit
1244 517 1430 556 inuidere
1467 529 1658 566 superue-

242 579 370 617 nienti
400 591 522 629 quem
551 591 623 617 rex
650 578 733 616 iam
761 578 840 617 sibi
867 578 1099 627 preferebat
1127 580 1166 615 et
1194 589 1336 615 onmes
1365 577 1498 615 aulici.
1541 577 1659 626 Quod

242 652 293 677 ne
318 639 390 676 diu
415 639 593 685 duraret,
619 638 819 687 pudorem
844 638 903 675 illi
928 638 1076 683 facere,
1103 640 1150 675 ut
1175 637 1234 675 sic
1260 636 1407 675 saltem
1433 636 1656 686 aufugeret,

241 699 438 748 cogitauit
505 698 650 747 Itaque
690 698 958 736 uescentibus
1002 697 1094 735 aliis
1138 708 1234 735 ossa
1275 697 1450 734 latenter
1502 696 1657 745 primus

241 759 441 797 ioculator
466 757 719 796 coadunauit
742 760 782 796 et
804 760 899 795 ante
922 757 1081 795 socium
1104 755 1243 805 posuit
1266 755 1464 805 finitoque
1487 755 1658 803 prandio

244 816 286 854 in
315 816 580 864 obprobrium
610 815 711 853 socii
741 815 969 853 coniectam
998 817 1153 852 struem
1183 813 1340 851 ossium
1370 813 1452 862 regi
1483 812 1660 850 ostendit

242 880 280 916 et
306 878 553 916 mordaciter
577 877 732 926 inquit:
758 876 943 922 Domine,
970 876 1108 914 socius
1134 887 1251 913 meus
1278 874 1461 912 omnium
1487 874 1659 912 istorum

242 938 398 976 ossium
437 937 683 975 vestituram
721 935 910 974 comedit.
964 935 1052 973 Rex
1088 946 1189 972 uero
1229 946 1322 972 eum
1360 933 1488 972 toruis
1528 933 1658 972 oculis

242 997 432 1046 respexit.
481 996 712 1035 Accusatus
749 999 887 1034 autem
923 995 999 1033 ait:
1035 994 1220 1040 Domine,
1255 993 1334 1031 feci
1369 993 1478 1043 quod
1512 996 1660 1030 natura

244 1069 351 1103 mea,
388 1056 430 1093 id
467 1058 531 1094 est
565 1057 766 1101 humana,
803 1054 1059 1104 requirebat,
1097 1054 1197 1103 quia
1233 1065 1381 1091 carnes
1418 1052 1581 1091 comedi
1617 1054 1658 1090 et

243 1128 339 1154 ossa
362 1115 513 1154 dimisi.
551 1115 600 1152 Et
622 1114 760 1153 socius
785 1126 902 1151 meus
926 1113 1025 1151 fecit
1048 1113 1157 1163 quod
1182 1124 1258 1150 sua
1283 1115 1442 1157 natura,
1468 1111 1662 1149 uidelicet

242 1176 403 1221 canina,
444 1175 690 1224 requirebat,
731 1174 829 1223 quia
866 1185 1010 1211 carnes
1048 1172 1227 1210 comedit
1264 1174 1304 1209 et
1340 1183 1446 1210 ossa.

323 1235 434 1273 Dixit
472 1235 766 1284 philosophus:
805 1234 974 1271 Honora
1010 1232 1214 1270 minorem
1249 1234 1290 1269 te
1328 1234 1369 1269 et
1403 1231 1456 1268 da
1494 1216 1572 1268 sibi
1609 1229 1660 1268 de

241 1299 323 1342 tuo,
365 1295 473 1333 sicut
511 1298 556 1332 tu
593 1294 659 1332 uis
698 1293 807 1343 quod
846 1293 978 1331 maior
1016 1294 1056 1330 te
1093 1292 1268 1329 honoret
1306 1293 1346 1329 et
1381 1290 1432 1328 de
1471 1302 1546 1328 suo
1584 1289 1659 1327 tibi

667 1354 830 1391 tribuat.
863 1374 913 1379 -—
943 1352 1082 1390 Alius:
1112 1352 1246 1400 Turpe
1275 1350 1441 1400 quidem
1472 1353 1534 1388 est
1562 1349 1660 1386 mul-

666 1416 753 1451 tum
784 1412 904 1450 diuiti
936 1411 1093 1450 homini
1126 1423 1217 1449 esse
1248 1421 1433 1455 auarum,
1464 1408 1660 1447 mediocri

667 1475 804 1510 autem
825 1471 983 1510 homini
1002 1471 1221 1520 pulchrum
1240 1473 1303 1508 est
1321 1482 1413 1509 esse
1430 1470 1660 1518 largum.—

334 1385 395 1423 De
427 1385 567 1434 largo,

266 1456 413 1488 avaro,
445 1444 640 1494 prodigo.

242 1533 477 1582 Discipulus
507 1532 584 1571 ait:
614 1532 919 1570 Disfinicionem
945 1531 1046 1580 largi
1075 1533 1115 1569 et
1141 1529 1256 1568 auari
1285 1532 1325 1568 et
1351 1528 1510 1578 prodigi
1535 1527 1662 1566 michi

242 1593 467 1631 subscribe.
520 1592 660 1630 Pater:
702 1591 780 1641 Qui
818 1591 890 1629 dat
927 1591 1077 1640 quibus
1115 1589 1298 1627 dandum
1337 1592 1400 1626 est
1437 1591 1477 1625 et
1514 1586 1662 1625 retinet

242 1653 391 1702 quibus
426 1652 686 1690 retinendum
719 1654 792 1698 est,
824 1651 961 1700 largus
994 1653 1066 1688 est.
1111 1649 1160 1687 Et
1190 1649 1260 1699 qui
1290 1647 1479 1697 prohibet
1509 1646 1659 1695 quibus

244 1710 547 1759 prohibendum
583 1713 646 1747 est
681 1712 721 1747 et
756 1709 904 1758 quibus
942 1720 1024 1745 non
1060 1710 1123 1745 est
1156 1705 1469 1755 prohibendum,
1507 1716 1659 1742 auarus

243 1774 314 1810 est.
358 1772 407 1809 Et
435 1771 506 1821 qui
531 1771 603 1809 dat
630 1771 780 1821 quibus
808 1769 991 1808 dandum
1020 1771 1060 1807 et
1087 1768 1236 1817 quibus
1264 1779 1348 1804 non
1376 1769 1437 1804 est
1464 1765 1658 1810 dandum,

666 1830 859 1879 prodigus
897 1832 968 1867 est.
1005 1850 1055 1855 —
1089 1828 1205 1865 Alius
1239 1825 1532 1875 philosophus:
1566 1824 1659 1862 Noli

668 1889 867 1928 associari
908 1888 966 1926 rei
1006 1886 1225 1932 deficienti,
1267 1888 1307 1923 et
1343 1897 1396 1923 ne
1434 1887 1660 1934 postponas

242 1954 281 1989 te
312 1950 511 1989 associari
540 1949 599 1988 rei
627 1948 840 1988 crescenti.
870 1970 919 1974 —-
948 1947 1086 1985 Alius:
1115 1945 1243 1995 Magis
1272 1945 1386 1983 ualet
1412 1956 1542 1993 parua
1569 1943 1660 1981 bea-

242 2011 373 2049 titudo
404 2022 529 2060 quam
556 2010 681 2059 plena
708 2009 855 2047 domus
885 2019 985 2045 auro
1015 2010 1055 2045 et
1083 2008 1261 2055 argento.
1292 2026 1342 2030 —
1370 2004 1508 2042 Alius:
1537 2002 1661 2041 Vtilia

242 2070 432 2120 perquire
473 2081 623 2119 magno
663 2080 803 2114 sensu,
846 2079 929 2105 non
968 2078 1118 2115 magna
1156 2064 1388 2103 uelocitate.
1429 2085 1480 2089 -—
1520 2062 1658 2100 Alius:

242 2130 302 2167 Ne
340 2129 538 2178 respicias
575 2128 773 2166 diciorem
810 2129 861 2173 te,
900 2138 950 2164 ne
987 2126 1030 2163 in
1066 2137 1160 2164 eum
1196 2135 1354 2173 pecces,
1392 2122 1464 2161 sed
1501 2121 1662 2170 respice

242 2190 530 2238 pauperiorem
564 2190 617 2235 te,
655 2190 696 2226 et
728 2187 824 2225 inde
859 2189 992 2235 grates
1027 2185 1104 2223 deo
1139 2183 1274 2222 redde.
1310 2205 1360 2209 ——-
1393 2182 1533 2220 Alius:
1568 2181 1662 2218 Non

242 2249 418 2298 deneges
456 2248 580 2286 deum
616 2259 690 2297 pro
726 2248 980 2296 paupertate,
1019 2248 1059 2282 et
1092 2256 1166 2294 pro
1201 2242 1366 2281 diuiciis
1402 2241 1487 2279 noli
1523 2252 1658 2289 super-

243 2308 341 2346 bire.
384 2330 434 2334 —-
473 2308 613 2346 Alius:
656 2306 735 2356 Qui
773 2306 904 2344 multa
942 2305 1066 2354 cupit,
1108 2315 1270 2352 semper
1308 2301 1512 2340 maiorum
1548 2300 1659 2337 same

242 2367 428 2406 tabescit.
471 2389 521 2393 —
560 2367 700 2405 Alius:
742 2366 786 2404 Si
824 2365 890 2403 uis
931 2365 974 2402 in
1012 2364 1089 2402 hoc
1129 2363 1269 2401 seculo
1308 2364 1469 2400 tantum
1507 2358 1659 2396 habere

244 2429 445 2477 quantum
488 2426 681 2464 sufficere
724 2425 875 2475 poterit
916 2427 1076 2469 nature,
1121 2435 1204 2461 non
1246 2421 1376 2459 multa
1417 2418 1578 2457 decebit
1620 2419 1659 2455 te

244 2498 501 2536 congregare.
551 2486 599 2523 Et
633 2486 671 2523 si
704 2484 852 2534 cupido
887 2483 1128 2523 satisfacere
1161 2480 1344 2520 uolueris
1379 2478 1529 2523 animo,
1564 2477 1661 2515 licet

244 2546 499 2596 congregatis
537 2557 795 2594 quecumque
831 2545 874 2582 in
908 2546 995 2582 toto
1030 2541 1172 2580 mundi
1208 2540 1364 2579 ambitu
1398 2537 1661 2576 continentur

243 2605 420 2652 diuiciis,
457 2604 546 2644 sitis
580 2607 721 2642 tamen
755 2603 915 2642 ardebit
946 2601 1136 2640 habendi.
1171 2622 1221 2627 -
1254 2599 1391 2637 Alius:
1428 2596 1506 2646 Qui
1537 2608 1660 2645 parce

315 1861 376 1900 De
409 1860 589 1899 divitiis.
