1790 2857
716 59 991 95 „⁶21-

140 178 260 217 diens
295 177 478 216 hostium
511 178 700 215 clausum
735 176 913 223 inuenit,
946 176 1057 214 unde
1090 175 1229 214 animo
1261 176 1437 213 multum
1470 188 1562 214 con-

141 238 274 276 doluit
318 240 358 276 et
401 240 541 275 tamen
584 237 767 275 hostium
809 236 1004 285 pulsauit.
1060 236 1131 274 Vir
1171 235 1387 273 mulierem
1443 248 1563 273 suam

143 297 316 336 audiens
358 299 397 335 et
434 296 583 336 uidens
624 309 671 335 ac
710 296 745 335 si
785 296 963 334 nesciret
1000 295 1268 344 interrogauit
1307 294 1399 344 quis
1439 298 1559 333 esset.

141 357 193 395 At
226 357 317 406 ipsa
350 357 469 405 culpe
500 356 669 394 ueniam
700 358 845 405 petens
879 358 919 394 et
950 367 1162 405 nunquam
1196 355 1373 404 amplius
1406 366 1451 392 se
1483 355 1560 392 hoc

145 416 355 454 facturam
378 415 628 465 promittens
650 415 782 453 nichil
805 415 997 464 profecit,
1021 415 1094 452 sed
1118 414 1185 452 uir
1207 415 1341 452 iratus
1365 414 1424 452 ait
1448 415 1558 463 quod

141 487 234 514 eam
261 474 414 513 intrare
440 487 523 513 non
548 474 812 523 permitteret,
840 473 912 512 sed
939 486 1030 511 esse
1057 485 1178 513 suum
1205 473 1292 511 suis
1318 473 1558 521 parentibus

141 534 387 573 ostenderet.
439 535 493 572 At
530 534 623 583 ipsa
659 534 790 583 magis
829 545 876 571 ac
915 533 1046 582 magis
1084 534 1270 571 clamans
1309 532 1412 570 dixit
1450 533 1559 582 quod

140 594 220 632 nisi
246 594 429 633 hostium
452 594 600 632 domus
626 593 866 640 recluderet,
893 593 935 630 in
959 596 1129 642 puteum
1155 592 1225 642 qui
1251 593 1367 630 iuxta
1390 592 1560 630 domum

140 656 227 692 erat
255 654 397 692 saliret
425 657 465 691 et
489 654 548 691 ita
573 653 704 692 uitam
729 653 877 699 finiret,
907 653 1049 702 sicque
1075 653 1127 690 de
1153 654 1284 691 morte
1311 664 1387 690 sua
1414 652 1558 690 amicis

140 715 179 751 et
210 713 453 763 propinquis
486 713 695 751 racionem
727 712 897 750 reddere
926 712 1101 750 deceret.
1147 712 1304 760 Spretis
1336 712 1459 750 minis
1491 712 1558 750 do·
1587 717 1632 750 10

137 773 275 811 minus
304 785 379 812 sue
405 772 589 810 mulieris
616 772 769 810 intrare
794 784 877 810 non
901 772 1100 821 permisit.
1139 772 1286 809 Mulier
1310 783 1411 810 uero
1436 771 1559 820 plena

139 836 226 871 arte
252 834 291 870 et
314 832 538 870 calliditate
561 831 738 880 sumpsit
760 831 952 880 lapidem,
978 844 1101 881 quem
1125 830 1298 880 proiecit
1322 831 1363 868 in
1387 834 1556 880 puteum

136 892 215 930 hac
245 892 479 930 intencione
507 894 553 930 ut
578 892 644 929 uir
672 902 772 930 suus
802 891 942 928 audito
971 891 1110 929 sonitu
1138 891 1287 939 lapidis
1316 890 1359 928 in
1387 893 1557 939 puteum

137 951 294 990 ruentis
330 953 493 1000 putaret
527 963 619 989 sese
654 951 697 988 in
730 953 900 999 puteum
934 950 1146 988 cecidisse.
1194 951 1243 988 Et
1277 950 1354 988 hoc
1388 953 1555 999 peracto

135 1011 283 1049 mulier
302 1013 396 1060 post
414 1013 584 1059 puteum
604 1023 648 1049 se
667 1010 895 1048 abscondit.
927 1010 997 1048 Vir
1015 1010 1191 1059 simplex
1212 1013 1335 1060 atque
1354 1010 1554 1059 insipiens
1585 1014 1633 1047 15v

136 1071 276 1108 audito
301 1071 440 1108 sonitu
463 1070 612 1119 lapidis
636 1070 678 1107 in
701 1073 871 1119 puteum
895 1070 1050 1108 ruentis
1074 1082 1171 1108 mox
1197 1072 1236 1107 et
1259 1070 1416 1119 absque
1439 1082 1556 1108 mora

134 1130 186 1168 de
221 1130 345 1168 domo
382 1130 594 1180 egrediens
630 1130 753 1168 celeri
789 1142 912 1168 cursu
948 1130 1001 1167 ad
1034 1132 1204 1179 puteum
1239 1130 1367 1176 uenit,
1403 1131 1556 1178 putans

133 1202 281 1228 uerum
312 1201 404 1228 esse
433 1189 542 1239 quod
570 1189 786 1228 mulierem
815 1189 999 1227 audisset
1025 1189 1237 1227 cecidisse.
1279 1189 1426 1228 Mulier
1453 1200 1553 1228 uero

132 1249 280 1287 uidens
323 1249 506 1288 hostium
546 1249 695 1287 domus
738 1252 925 1298 apertum
967 1251 1007 1287 et
1046 1261 1130 1287 non
1170 1249 1298 1287 oblita
1338 1261 1412 1287 sue
1452 1249 1552 1287 artis

133 1309 304 1347 intrauit
335 1309 505 1347 domum
537 1308 783 1358 firmatoque
814 1308 951 1346 hostio
983 1309 1170 1347 ascendit
1200 1309 1436 1347 fenestram.
1482 1309 1553 1347 Ille
1580 1314 1635 1347 20

134 1371 272 1407 autem
302 1368 450 1406 uidens
482 1380 527 1406 se
558 1380 649 1407 esse
679 1368 896 1416 deceptum
926 1368 1080 1418 inquit:
1114 1368 1144 1406 O
1176 1368 1324 1406 mulier
1353 1368 1481 1406 fallax
1513 1372 1554 1407 et

130 1429 255 1477 plena
290 1430 377 1466 arte
409 1428 577 1474 diaboli,
612 1428 803 1476 permitte
836 1440 902 1465 me
935 1428 1090 1465 intrare
1123 1430 1163 1465 et
1197 1428 1392 1477 quicquid
1425 1428 1554 1466 michi

129 1487 370 1526 forisfecisti
406 1500 472 1525 me
508 1487 839 1526 condonaturum
875 1488 948 1525 tibi
984 1487 1123 1526 crede!
1173 1488 1226 1525 At
1259 1488 1330 1525 illa
1366 1499 1461 1526 eum
1495 1487 1552 1525 in-

130 1559 303 1596 crepans
340 1547 635 1597 introitumque
667 1547 815 1586 domus
850 1547 1087 1585 omnimodo
1118 1547 1230 1586 facto
1263 1550 1386 1597 atque
1419 1560 1550 1585 sacra-

128 1609 268 1645 mento
306 1607 515 1656 denegans
555 1607 632 1645 ait:
674 1607 705 1645 Ο
745 1607 948 1654 seductor,
988 1610 1106 1645 tuum
1142 1619 1234 1645 esse
1272 1610 1396 1657 atque
1432 1610 1550 1645 tuum
1577 1611 1629 1646 ,025-

126 1667 289 1705 facinus
329 1667 572 1716 parentibus
611 1667 694 1705 tuis
736 1667 964 1714 ostendam,
1004 1667 1103 1717 quia
1139 1678 1390 1716 unaquaque
1429 1670 1549 1706 nocte

129 1738 173 1765 es
212 1727 358 1765 solitus
395 1727 455 1765 ita
489 1726 632 1765 furtim
669 1739 694 1764 a
725 1739 790 1765 me
828 1727 940 1765 exire
977 1729 1017 1765 et
1051 1727 1288 1765 meretrices
1326 1727 1450 1765 adire.
1501 1727 1550 1764 Et

127 1785 186 1823 ita
226 1786 316 1835 egit.
368 1786 564 1824 Parentes
603 1798 703 1824 uero
741 1787 816 1825 hec
855 1786 1070 1824 audientes
1110 1789 1233 1836 atque
1270 1798 1416 1825 uerum
1454 1799 1548 1825 esse

129 1845 413 1884 existimantes
472 1845 792 1894 increpauerunt
838 1858 943 1884 eum.
1003 1846 1052 1883 Et
1095 1846 1152 1884 ita
1197 1846 1345 1883 mulier
1388 1846 1459 1884 illa
1504 1846 1546 1883 li-

127 1904 271 1943 berata
316 1907 402 1943 arte
447 1917 523 1943 sua
568 1905 776 1954 flagicium
821 1905 929 1955 quod
974 1908 1180 1943 meruerat
1222 1905 1266 1942 in
1308 1905 1445 1943 uirum
1490 1918 1546 1945 re·
1573 1910 1620 1944 30

128 1963 259 2002 trusit.
317 1964 394 2003 Cui·
436 1964 561 2002 nichil
604 1964 769 2013 profuit,
814 1965 940 2002 immo
983 1965 1116 2002 obfuit
1157 1965 1371 2003 mulierem
1414 1967 1546 2003 custo-

125 2022 259 2061 disse:
290 2035 387 2060 nam
414 2023 493 2062 iste
522 2023 653 2061 eciam
682 2024 830 2061 accidit
856 2025 1047 2062 cumulus
1076 2024 1242 2062 miserie
1272 2024 1381 2074 quod
1410 2024 1544 2062 existi—

125 2082 315 2120 macione
358 2082 629 2131 plurimorum
685 2083 795 2132 quod
838 2084 1079 2132 paciebatur
1119 2083 1322 2121 meruisse
1363 2084 1544 2122 credere-

126 2147 201 2179 tur.
244 2141 359 2180 Vnde
400 2141 565 2191 quidem
605 2142 725 2180 bonis
766 2143 1046 2191 compluribus
1075 2143 1233 2191 pulsus,
1274 2143 1542 2192 dignitatibus

1611 419 1632 452 ω(

16 2214 19 2221 ·
71 2214 74 2216 ’
129 2200 292 2244 exutus,
335 2197 648 2236 existimacione
688 2199 852 2237 sedatus
893 2200 946 2236 ob
988 2200 1131 2237 uxoris
1172 2200 1460 2250 maliloquium
1488 2201 1543 2239 in·
1570 2208 1615 2240 35

108 2257 325 2301 ,cestitatis
367 2258 461 2295 tulit
501 2258 761 2307 supplicium.

604 2318 860 2367 Discipulus:
906 2318 1035 2357 Nemo
1081 2322 1142 2357 est
1186 2320 1255 2370 qui
1298 2332 1343 2358 se
1387 2333 1411 2359 a
1452 2333 1538 2359 mu-

547 2377 659 2415 lieris
695 2377 858 2426 ingenio
891 2378 1097 2417 custodire
1127 2380 1272 2428 possit,
1305 2380 1385 2420 nisi
1417 2393 1540 2431 quem

121 2434 224 2473 deus
259 2435 512 2483 custodierit,
547 2439 587 2474 et
619 2437 693 2475 hec
727 2437 821 2475 talis
856 2438 1055 2485 narracio,
1088 2451 1140 2477 ne
1172 2439 1321 2478 ducam
1353 2452 1538 2488 uxorem,

137 2347 198 2386 De
219 2347 333 2386 bona
354 2346 528 2386 femina.

219 2544 233 2577 1
263 2546 531 2589 Auyensprunq
556 2546 676 2580 himer
700 2547 859 2582 hostium
886 2549 967 2589 (wie
991 2551 1031 2583 in
1056 2551 1124 2583 den
1149 2553 1293 2586 meisten
1318 2553 1433 2592 Hss.).
