1790 2857
695 56 967 92 „47—

125 176 334 215 indicauit.
370 175 418 213 Et
437 174 536 213 fecit
555 174 662 213 sicut
680 174 952 224 philosophus
972 173 1058 211 filio
1079 185 1154 211 suo
1175 172 1359 222 precepit
1378 173 1540 211 dicens:

124 237 213 283 Fili,
242 235 375 274 vende
402 235 480 273 hoc
508 235 694 273 seculum
720 246 794 283 pro
821 234 959 271 futuro
988 235 1028 271 et
1053 235 1274 282 utrumque
1301 232 1540 270 lucraberis.

620 293 737 343 Quod
776 293 833 331 ita
871 293 1052 342 contigit.
1091 315 1142 318 —
1179 292 1295 330 Alius
1334 292 1542 340 corrigens

619 352 750 391 filium
782 365 904 391 suum
935 352 1059 390 dixit:
1091 352 1179 399 Fili,
1210 364 1285 401 pro
1314 351 1453 389 futuro
1486 364 1544 389 se-

125 414 218 452 culo
262 424 446 466 operare,
492 414 715 463 antequam
758 424 868 451 mors
912 414 1097 461 segreget
1138 415 1178 450 te
1220 412 1270 450 ab
1315 423 1449 460 opere.
1493 433 1543 437 —

123 473 261 511 Alius:
301 472 403 510 Vide
442 485 493 511 ne
530 472 740 521 decipiant
774 474 815 510 te
854 472 1062 510 seculares
1099 471 1246 509 delicie
1285 473 1325 509 et
1360 470 1541 509 irretitus

122 531 301 570 fallaciis
347 532 604 571 secularibus
649 531 792 570 mortis
836 533 1011 570 uenture
1055 530 1328 576 obliuiscaris,
1374 543 1425 569 ne
1469 530 1543 568 tibi

123 592 334 641 contingat
370 592 477 630 sicut
512 591 662 630 latroni
698 591 867 629 domum
902 591 1044 630 diuitis
1080 591 1250 629 ineunti.
1300 590 1374 630 Cui
1410 589 1540 628 filius:

126 651 222 698 Ede,
265 653 395 701 pater,
440 651 537 702 quid
581 651 759 689 accidit?
813 651 953 688 Pater:

179 753 401 802 Exempl.
425 753 570 791 XXX:
625 727 689 815 D

188 812 250 850 De
281 812 454 851 latrone
486 812 558 860 qui

203 871 338 910 nimia
369 872 532 921 eligere

281 931 464 970 studuit.

147 326 207 364 De
227 325 375 364 futuro
397 324 587 363 saeculo.

693 734 831 760 omum
865 721 1006 760 diuitis
1040 722 1107 760 fur
1139 721 1311 759 intrauit
1345 724 1383 760 et
1415 721 1544 759 diuer-

699 781 755 817 sis
781 792 871 817 eam
896 780 1005 829 gazis
1030 781 1193 828 plenam
1216 781 1387 818 inuenit.
1423 781 1527 817 Hinc

621 840 878 890 stupefactus
916 841 966 879 de
1002 841 1180 879 diuersis
1217 840 1384 879 diuersa
1421 845 1460 879 et
1496 841 1546 878 de

622 898 821 947 preciosis
861 899 1115 948 preciosiora
1155 898 1302 948 eligere
1342 899 1545 938 studendo

621 960 783 998 curauit
820 963 859 998 et
894 972 1138 1010 quecunque
1173 960 1275 998 uilia
1309 960 1545 1009 relinquens

124 1018 168 1056 in
200 1018 386 1066 eligendo
414 1021 576 1068 tempus
607 1019 877 1068 consumpsit,
907 1020 1038 1058 donec
1067 1020 1155 1058 dies
1186 1020 1414 1058 adueniens
1445 1020 1543 1069 quid

123 1078 262 1117 facere
304 1078 430 1117 uellet
472 1078 638 1117 detexit.
695 1079 980 1129 Expergefacti
1021 1080 1072 1117 de
1115 1080 1343 1128 improuiso
1396 1079 1543 1128 uigiles

125 1138 272 1176 domus
308 1138 351 1176 in
386 1138 573 1188 eligendo
605 1139 741 1177 furem
774 1139 993 1188 reperiunt,
1029 1139 1209 1188 capiunt,
1245 1139 1340 1177 inde
1373 1139 1472 1177 loris
1508 1143 1547 1177 et

124 1197 304 1236 fustibus
331 1210 472 1236 cesum
496 1198 540 1236 in
564 1198 648 1236 ima
672 1199 848 1237 carceris
873 1199 1107 1237 detrudunt.
1145 1199 1207 1237 Ad
1232 1199 1423 1237 ultimum
1448 1199 1545 1237 data

126 1257 232 1295 sicut
268 1257 320 1295 de
351 1253 439 1296 'iam
476 1258 668 1297 confesso
705 1258 918 1296 sentencia
954 1270 1118 1297 amaras
1155 1258 1328 1297 audiens
1364 1259 1543 1308 ystorias

127 1317 347 1366 capitalem
380 1317 508 1355 subiit
541 1318 807 1356 sentenciam.
855 1318 933 1367 Qui
967 1318 1001 1356 si
1034 1321 1120 1356 tam
1150 1330 1278 1367 prope
1310 1318 1419 1356 diem
1451 1331 1545 1356 uen-
1574 1326 1585 1340 ⁰

127 1378 266 1414 turum
292 1377 601 1426 precogitasset,
630 1390 681 1416 ne
707 1377 805 1416 loris
834 1380 873 1416 et
897 1378 1078 1416 fustibus
1106 1378 1318 1416 cederetur
1344 1379 1409 1416 uel
1438 1378 1546 1428 quod

128 1436 295 1486 grauius
332 1437 477 1484 extitit,
512 1449 564 1475 ne
595 1437 730 1486 capite
763 1437 995 1485 priuaretur
1027 1438 1294 1486 precauisset.

208 1496 325 1534 Alius
357 1496 651 1545 philosophus:
682 1496 814 1535 Huius
845 1497 974 1535 seculi
1003 1497 1155 1535 diuicie
1185 1500 1281 1536 sunt
1310 1497 1546 1536 transitorie

126 1555 234 1593 sicut
271 1555 452 1594 hominis
491 1556 683 1605 sompnia
719 1556 983 1594 dormientis:
1022 1557 1092 1607 qui
1131 1557 1332 1606 euigilans
1371 1570 1546 1607 quecun-

127 1626 208 1664 que
238 1615 442 1653 habuerat
470 1616 513 1653 in
543 1615 766 1665 aperiendo
797 1617 937 1654 oculos
968 1617 1342 1666 irrecuperabiliter
1370 1617 1548 1667 perdidit

128 1674 236 1712 sicut
265 1675 390 1725 uulgo
420 1675 582 1714 dicitur.

168 1764 318 1803 Exem
358 1765 374 1803 1
409 1765 576 1804 XXXI·
697 1735 794 1784 pilio
825 1735 992 1785 quidam
1021 1736 1064 1773 in
1093 1736 1278 1785 sompnis
1306 1737 1419 1774 mille
1448 1748 1547 1776 oues

325 1776 351 1814 p
377 1793 386 1803 ⁸
566 1795 575 1804 ”
720 1795 874 1833 habuit.
931 1795 1042 1844 Quas
1084 1808 1233 1845 mango
1276 1796 1443 1845 quidam
1483 1808 1547 1834 cu-

621 1854 737 1903 piens
776 1867 911 1893 emere
945 1857 990 1893 ut
1023 1855 1160 1894 carius
1193 1856 1403 1902 uenderet,
1439 1856 1547 1894 sicut

623 1914 875 1963 sompnianti
896 1915 1035 1953 uisum
1052 1915 1190 1953 fuerat
1207 1927 1280 1964 pro
1298 1927 1548 1965 unaquaque

128 1980 207 2007 oue
246 1969 350 2008 duos
393 1971 547 2010 solidos
588 1972 688 2011 dare
726 1974 904 2012 uolebat.
960 1974 1040 2012 Sed
1081 1975 1150 2025 qui
1190 1975 1409 2021 uendebat,
1451 1988 1544 2013 cum

127 2028 289 2067 duobus
323 2029 465 2069 solidis
497 2031 714 2070 denarium
743 2045 817 2082 pro
847 2046 1098 2084 unaquaque
1128 2034 1335 2083 poscebat.
1380 2035 1464 2073 Illis
1496 2035 1546 2073 de

127 2087 267 2137 precio
310 2090 653 2130 contendentibus
697 2092 775 2130 hoc
818 2093 941 2131 modo
984 2105 1183 2142 sompnus
1228 2094 1409 2132 euanuit.
1466 2095 1546 2133 Sed

128 2147 319 2186 uenditor
360 2148 459 2186 dum
502 2162 594 2189 esse
637 2151 873 2200 sompnium
914 2153 1124 2201 comperit,
1168 2153 1351 2191 nondum
1393 2155 1545 2203 apertis

194 1823 256 1862 De
288 1824 476 1873 opilione
509 1825 555 1864 et

257 1894 486 1933 mangone.

131 2207 260 2245 oculis
289 2208 470 2246 clamare
495 2210 623 2258 cepit:
651 2210 727 2248 Pro
753 2223 1004 2261 unaquaque
1031 2212 1155 2250 michi
1181 2213 1328 2262 uiginti
1355 2213 1546 2253 denarios
1574 2246 1584 2257 .,

128 2266 274 2313 tribue,
310 2269 350 2305 et
381 2270 583 2318 quotquot
613 2272 711 2308 sunt
740 2272 876 2309 tecum
908 2271 1108 2310 abduces!
1141 2294 1193 2298 —-
1223 2273 1341 2311 Hunc
1372 2285 1471 2311 uero
1503 2274 1546 2311 in

130 2326 302 2364 modum
340 2327 613 2366 transeuncia
650 2329 797 2367 mundi
836 2331 991 2380 gaudia
1027 2334 1240 2370 sectantes
1279 2335 1320 2371 et
1357 2333 1541 2372 diuersis

129 2386 175 2423 ut
213 2385 419 2424 retineant
456 2386 663 2426 inhiantes
701 2388 752 2426 de
790 2389 1017 2438 improuiso
1054 2390 1227 2429 ueniens
1265 2391 1366 2438 dies,
1405 2392 1447 2429 id
1485 2396 1548 2431 est

130 2443 224 2483 finis
258 2444 356 2491 uite,
391 2445 599 2495 intercipit
631 2449 671 2485 et
702 2459 864 2498 queque
896 2449 1035 2498 cupita
1066 2450 1197 2488 uelint
1228 2451 1360 2489 nolint
1392 2451 1545 2490 adimit.

224 2525 268 2558 22
294 2526 597 2569 precognouisset.
624 2548 669 2554 -
698 2528 744 2562 28
771 2529 869 2571 Quas
903 2529 994 2564 alius
1028 2540 1160 2574 magno
1187 2532 1335 2576 cupiens
1361 2543 1480 2567 emere
1506 2535 1547 2566 ut

131 2587 201 2611 car.
219 2579 401 2613 uenderet.
431 2598 471 2604 —
500 2580 544 2614 39
570 2580 639 2616 uel.
658 2581 730 2617 nol.
750 2581 930 2618 amittunt.

1594 414 1619 447 φτ

1576 725 1622 759 lO·

1575 1624 1623 1657 25-

1575 1923 1624 1957 30
