<?xml version="1.0" encoding="UTF-8"?>
<!DOCTYPE html PUBLIC "-//W3C//DTD XHTML 1.0 Transitional//EN"
    "http://www.w3.org/TR/xhtml1/DTD/xhtml1-transitional.dtd">
<html xmlns="http://www.w3.org/1999/xhtml" xml:lang="en" lang="en">
 <head>
  <title>
</title>
<meta http-equiv="Content-Type" content="text/html;charset=utf-8" />
  <meta name='ocr-system' content='tesseract 3.04.00' />
  <meta name='ocr-capabilities' content='ocr_page ocr_carea ocr_par ocr_line ocrx_word'/>
</head>
<body>
  <div class='ocr_page' id='page_1' title='image "./diedisciplinacle00petruoft_0061.png"; bbox 0 0 1790 2857; ppageno 0'>
   <div class='ocr_carea' id='block_1_1' title="bbox 701 36 974 71">
    <p class='ocr_par' dir='ltr' id='par_1_1' title="bbox 701 36 974 71">
     <span class='ocr_line' id='line_1_1' title="bbox 701 36 974 71; baseline -0.004 -11"><span class='ocrx_word' id='word_1_1' title='bbox 701 57 750 60; x_wconf 77' lang='grc'>-.</span> <span class='ocrx_word' id='word_1_2' title='bbox 813 36 860 71; x_wconf 72' lang='lat'>41</span> <span class='ocrx_word' id='word_1_3' title='bbox 925 57 974 60; x_wconf 39' lang='lat' dir='ltr'>w-</span> 
     </span>
    </p>
   </div>
   <div class='ocr_carea' id='block_1_2' title="bbox 119 153 1549 1336">
    <p class='ocr_par' dir='ltr' id='par_1_2' title="bbox 119 153 1549 1336">
     <span class='ocr_line' id='line_1_2' title="bbox 131 153 1547 203; baseline -0.003 -9"><span class='ocrx_word' id='word_1_4' title='bbox 131 167 328 194; x_wconf 88' lang='lat' dir='ltr'>recreare.</span> <span class='ocrx_word' id='word_1_5' title='bbox 384 154 468 203; x_wconf 90' lang='lat' dir='ltr'>Ipsi</span> <span class='ocrx_word' id='word_1_6' title='bbox 508 166 621 200; x_wconf 92' lang='lat' dir='ltr'>uero,</span> <span class='ocrx_word' id='word_1_7' title='bbox 666 153 863 203; x_wconf 90' lang='lat' dir='ltr'>quoniam</span> <span class='ocrx_word' id='word_1_8' title='bbox 904 165 1053 202; x_wconf 85' lang='lat' dir='ltr'>magna</span> <span class='ocrx_word' id='word_1_9' title='bbox 1094 164 1272 201; x_wconf 87' lang='lat' dir='ltr'>persona</span> <span class='ocrx_word' id='word_1_10' title='bbox 1314 153 1412 198; x_wconf 82' lang='lat' dir='ltr'>erat,</span> <span class='ocrx_word' id='word_1_11' title='bbox 1456 163 1547 190; x_wconf 87' lang='lat' dir='ltr'>con-</span> 
     </span>
     <span class='ocr_line' id='line_1_3' title="bbox 128 211 1549 263; baseline -0.003 -10"><span class='ocrx_word' id='word_1_12' title='bbox 128 216 343 254; x_wconf 86' lang='lat' dir='ltr'>cesserunt</span> <span class='ocrx_word' id='word_1_13' title='bbox 375 214 463 252; x_wconf 88' lang='lat' dir='ltr'>eius</span> <span class='ocrx_word' id='word_1_14' title='bbox 495 213 702 263; x_wconf 88' lang='lat' dir='ltr'>peticioni.</span> <span class='ocrx_word' id='word_1_15' title='bbox 748 213 849 252; x_wconf 86' lang='lat' dir='ltr'>Cum</span> <span class='ocrx_word' id='word_1_16' title='bbox 880 215 1018 251; x_wconf 86' lang='lat' dir='ltr'>autem</span> <span class='ocrx_word' id='word_1_17' title='bbox 1049 212 1100 250; x_wconf 90' lang='lat' dir='ltr'>ad</span> <span class='ocrx_word' id='word_1_18' title='bbox 1130 212 1235 250; x_wconf 92' lang='lat' dir='ltr'>Loth</span> <span class='ocrx_word' id='word_1_19' title='bbox 1264 211 1479 249; x_wconf 88' lang='lat' dir='ltr'>uenissent</span> <span class='ocrx_word' id='word_1_20' title='bbox 1509 214 1549 250; x_wconf 90' lang='lat' dir='ltr'>et</span> 
     </span>
     <span class='ocr_line' id='line_1_4' title="bbox 129 271 1547 323; baseline -0.004 -10"><span class='ocrx_word' id='word_1_21' title='bbox 129 275 276 313; x_wconf 88' lang='lat' dir='ltr'>iterum</span> <span class='ocrx_word' id='word_1_22' title='bbox 307 275 432 323; x_wconf 83' lang='lat' dir='ltr'>atque</span> <span class='ocrx_word' id='word_1_23' title='bbox 460 273 610 311; x_wconf 88' lang='lat' dir='ltr'>iterum</span> <span class='ocrx_word' id='word_1_24' title='bbox 638 275 879 322; x_wconf 76' lang='lat' dir='ltr'>rogarentur</span> <span class='ocrx_word' id='word_1_25' title='bbox 907 272 1016 322; x_wconf 88' lang='lat' dir='ltr'>quod</span> <span class='ocrx_word' id='word_1_26' title='bbox 1045 274 1197 310; x_wconf 88' lang='lat' dir='ltr'>tectum</span> <span class='ocrx_word' id='word_1_27' title='bbox 1227 271 1315 309; x_wconf 90' lang='lat' dir='ltr'>eius</span> <span class='ocrx_word' id='word_1_28' title='bbox 1346 271 1547 309; x_wconf 83' lang='lat' dir='ltr'>subintra-</span> 
     </span>
     <span class='ocr_line' id='line_1_5' title="bbox 129 330 1546 383; baseline -0.003 -11"><span class='ocrx_word' id='word_1_29' title='bbox 129 336 230 380; x_wconf 88' lang='lat' dir='ltr'>rent,</span> <span class='ocrx_word' id='word_1_30' title='bbox 272 332 370 383; x_wconf 86' lang='lat' dir='ltr'>quia</span> <span class='ocrx_word' id='word_1_31' title='bbox 409 333 643 371; x_wconf 85' lang='lat' dir='ltr'>auctentica</span> <span class='ocrx_word' id='word_1_32' title='bbox 681 345 764 371; x_wconf 91' lang='lat' dir='ltr'>non</span> <span class='ocrx_word' id='word_1_33' title='bbox 803 334 890 370; x_wconf 89' lang='lat' dir='ltr'>erat</span> <span class='ocrx_word' id='word_1_34' title='bbox 927 344 1117 381; x_wconf 83' lang='lat' dir='ltr'>persona,</span> <span class='ocrx_word' id='word_1_35' title='bbox 1155 331 1271 369; x_wconf 91' lang='lat' dir='ltr'>uelut</span> <span class='ocrx_word' id='word_1_36' title='bbox 1309 330 1440 368; x_wconf 85' lang='lat' dir='ltr'>coacti</span> <span class='ocrx_word' id='word_1_37' title='bbox 1480 343 1546 368; x_wconf 85' lang='lat' dir='ltr'>an-</span> 
     </span>
     <span class='ocr_line' id='line_1_6' title="bbox 127 390 1546 440; baseline -0.002 -9"><span class='ocrx_word' id='word_1_38' title='bbox 127 395 317 431; x_wconf 81' lang='lat' dir='ltr'>nuerunt.</span> <span class='ocrx_word' id='word_1_39' title='bbox 341 414 392 419; x_wconf 84' lang='lat'>—</span> <span class='ocrx_word' id='word_1_40' title='bbox 414 392 580 431; x_wconf 89' lang='lat' dir='ltr'>quenis</span> <span class='ocrx_word' id='word_1_41' title='bbox 604 404 745 431; x_wconf 86' lang='lat' dir='ltr'>senem</span> <span class='ocrx_word' id='word_1_42' title='bbox 768 391 1056 440; x_wconf 85' lang='lat' dir='ltr'>interrogauit:</span> <span class='ocrx_word' id='word_1_43' title='bbox 1081 391 1183 430; x_wconf 88' lang='lat' dir='ltr'>Cum</span> <span class='ocrx_word' id='word_1_44' title='bbox 1205 390 1405 429; x_wconf 83' lang='lat' dir='ltr'>inuitatus</span> <span class='ocrx_word' id='word_1_45' title='bbox 1429 390 1546 428; x_wconf 83' lang='lat' dir='ltr'>fuero</span> 
     </span>
     <span class='ocr_line' id='line_1_7' title="bbox 127 450 1545 502; baseline -0.002 -12"><span class='ocrx_word' id='word_1_46' title='bbox 127 452 179 491; x_wconf 85' lang='lat' dir='ltr'>ad</span> <span class='ocrx_word' id='word_1_47' title='bbox 215 452 448 502; x_wconf 89' lang='lat' dir='ltr'>prandium,</span> <span class='ocrx_word' id='word_1_48' title='bbox 487 452 586 502; x_wconf 89' lang='lat' dir='ltr'>quid</span> <span class='ocrx_word' id='word_1_49' title='bbox 621 452 803 489; x_wconf 73' lang='lat' dir='ltr'>faciam?</span> <span class='ocrx_word' id='word_1_50' title='bbox 851 451 1000 489; x_wconf 88' lang='lat' dir='ltr'>Parum</span> <span class='ocrx_word' id='word_1_51' title='bbox 1036 451 1103 489; x_wconf 90' lang='lat' dir='ltr'>uel</span> <span class='ocrx_word' id='word_1_52' title='bbox 1139 450 1262 488; x_wconf 90' lang='lat' dir='ltr'>nimis</span> <span class='ocrx_word' id='word_1_53' title='bbox 1301 450 1545 488; x_wconf 78' lang='lat' dir='ltr'>comedam?</span> 
     </span>
     <span class='ocr_line' id='line_1_8' title="bbox 127 510 1545 561; baseline -0.001 -11"><span class='ocrx_word' id='word_1_54' title='bbox 127 511 202 551; x_wconf 90' lang='lat' dir='ltr'>Cui</span> <span class='ocrx_word' id='word_1_55' title='bbox 235 524 385 550; x_wconf 82' lang='lat' dir='ltr'>senex:</span> <span class='ocrx_word' id='word_1_56' title='bbox 419 511 572 550; x_wconf 89' lang='lat' dir='ltr'>Nimis!</span> <span class='ocrx_word' id='word_1_57' title='bbox 620 511 825 561; x_wconf 84' lang='lat' dir='ltr'>Quoniam</span> <span class='ocrx_word' id='word_1_58' title='bbox 858 511 893 549; x_wconf 88' lang='lat' dir='ltr'>si</span> <span class='ocrx_word' id='word_1_59' title='bbox 927 511 1084 549; x_wconf 87' lang='lat' dir='ltr'>amicus</span> <span class='ocrx_word' id='word_1_60' title='bbox 1117 512 1213 549; x_wconf 90' lang='lat' dir='ltr'>tuus</span> <span class='ocrx_word' id='word_1_61' title='bbox 1245 510 1370 548; x_wconf 81' lang='lat' dir='ltr'>fuerit</span> <span class='ocrx_word' id='word_1_62' title='bbox 1402 510 1472 559; x_wconf 87' lang='lat' dir='ltr'>qui</span> <span class='ocrx_word' id='word_1_63' title='bbox 1506 512 1545 548; x_wconf 88' lang='lat' dir='ltr'>te</span> 
     </span>
     <span class='ocr_line' id='line_1_9' title="bbox 125 569 1545 621; baseline -0.001 -12"><span class='ocrx_word' id='word_1_64' title='bbox 125 571 332 618; x_wconf 87' lang='lat' dir='ltr'>inuitauit,</span> <span class='ocrx_word' id='word_1_65' title='bbox 360 572 536 609; x_wconf 91' lang='lat' dir='ltr'>multum</span> <span class='ocrx_word' id='word_1_66' title='bbox 562 571 774 621; x_wconf 88' lang='lat' dir='ltr'>gaudebit;</span> <span class='ocrx_word' id='word_1_67' title='bbox 800 570 835 609; x_wconf 88' lang='lat' dir='ltr'>si</span> <span class='ocrx_word' id='word_1_68' title='bbox 861 573 999 609; x_wconf 88' lang='lat' dir='ltr'>autem</span> <span class='ocrx_word' id='word_1_69' title='bbox 1024 570 1229 617; x_wconf 88' lang='lat' dir='ltr'>inimicus,</span> <span class='ocrx_word' id='word_1_70' title='bbox 1256 569 1420 608; x_wconf 79' lang='lat' dir='ltr'>dolebit.</span> <span class='ocrx_word' id='word_1_71' title='bbox 1458 570 1545 608; x_wconf 89' lang='lat' dir='ltr'>Hoc</span> 
     </span>
     <span class='ocr_line' id='line_1_10' title="bbox 125 629 1543 680; baseline -0.001 -11"><span class='ocrx_word' id='word_1_72' title='bbox 125 631 266 669; x_wconf 88' lang='lat' dir='ltr'>audito</span> <span class='ocrx_word' id='word_1_73' title='bbox 310 631 401 669; x_wconf 88' lang='lat' dir='ltr'>risit</span> <span class='ocrx_word' id='word_1_74' title='bbox 442 643 555 680; x_wconf 88' lang='lat' dir='ltr'>puer.</span> <span class='ocrx_word' id='word_1_75' title='bbox 612 630 673 668; x_wconf 90' lang='lat' dir='ltr'>Ad</span> <span class='ocrx_word' id='word_1_76' title='bbox 716 643 838 680; x_wconf 88' lang='lat' dir='ltr'>quem</span> <span class='ocrx_word' id='word_1_77' title='bbox 882 643 1031 669; x_wconf 82' lang='lat' dir='ltr'>senex:</span> <span class='ocrx_word' id='word_1_78' title='bbox 1076 630 1182 679; x_wconf 85' lang='lat' dir='ltr'>Quid</span> <span class='ocrx_word' id='word_1_79' title='bbox 1225 629 1363 668; x_wconf 89' lang='lat' dir='ltr'>rides‘?</span> <span class='ocrx_word' id='word_1_80' title='bbox 1417 630 1543 668; x_wconf 87' lang='lat' dir='ltr'>Puer:</span> 
     </span>
     <span class='ocr_line' id='line_1_11' title="bbox 124 689 1541 740; baseline -0.001 -11"><span class='ocrx_word' id='word_1_81' title='bbox 124 690 380 729; x_wconf 86' lang='lat' dir='ltr'>Recordatus</span> <span class='ocrx_word' id='word_1_82' title='bbox 424 702 516 729; x_wconf 90' lang='lat' dir='ltr'>sum</span> <span class='ocrx_word' id='word_1_83' title='bbox 554 690 673 728; x_wconf 90' lang='lat' dir='ltr'>uerbi</span> <span class='ocrx_word' id='word_1_84' title='bbox 714 690 823 740; x_wconf 87' lang='lat' dir='ltr'>quod</span> <span class='ocrx_word' id='word_1_85' title='bbox 863 690 1005 728; x_wconf 89' lang='lat' dir='ltr'>audiui</span> <span class='ocrx_word' id='word_1_86' title='bbox 1045 690 1096 728; x_wconf 89' lang='lat' dir='ltr'>de</span> <span class='ocrx_word' id='word_1_87' title='bbox 1134 689 1374 727; x_wconf 85' lang='lat' dir='ltr'>Maimundo</span> <span class='ocrx_word' id='word_1_88' title='bbox 1413 689 1541 738; x_wconf 87' lang='lat' dir='ltr'>nigro.</span> 
     </span>
     <span class='ocr_line' id='line_1_12' title="bbox 125 749 1543 800; baseline -0.001 -12"><span class='ocrx_word' id='word_1_89' title='bbox 125 749 302 799; x_wconf 83' lang='lat' dir='ltr'>Quidam</span> <span class='ocrx_word' id='word_1_90' title='bbox 336 750 446 788; x_wconf 88' lang='lat' dir='ltr'>enim</span> <span class='ocrx_word' id='word_1_91' title='bbox 477 762 605 788; x_wconf 81' lang='lat' dir='ltr'>senex</span> <span class='ocrx_word' id='word_1_92' title='bbox 637 750 818 800; x_wconf 89' lang='lat' dir='ltr'>quesiuit</span> <span class='ocrx_word' id='word_1_93' title='bbox 849 750 899 787; x_wconf 90' lang='lat' dir='ltr'>ab</span> <span class='ocrx_word' id='word_1_94' title='bbox 932 762 980 787; x_wconf 93' lang='lat' dir='ltr'>eo</span> <span class='ocrx_word' id='word_1_95' title='bbox 1012 752 1211 799; x_wconf 83' lang='lat' dir='ltr'>quantum</span> <span class='ocrx_word' id='word_1_96' title='bbox 1242 752 1383 798; x_wconf 88' lang='lat' dir='ltr'>posset</span> <span class='ocrx_word' id='word_1_97' title='bbox 1413 761 1543 787; x_wconf 88' lang='lat' dir='ltr'>come-</span> 
     </span>
     <span class='ocr_line' id='line_1_13' title="bbox 122 808 1542 859; baseline -0.001 -12"><span class='ocrx_word' id='word_1_98' title='bbox 122 809 231 848; x_wconf 86' lang='lat' dir='ltr'>dere.</span> <span class='ocrx_word' id='word_1_99' title='bbox 277 809 352 849; x_wconf 91' lang='lat' dir='ltr'>Cui</span> <span class='ocrx_word' id='word_1_100' title='bbox 379 809 489 859; x_wconf 90' lang='lat' dir='ltr'>ipse:</span> <span class='ocrx_word' id='word_1_101' title='bbox 520 809 578 848; x_wconf 90' lang='lat' dir='ltr'>De</span> <span class='ocrx_word' id='word_1_102' title='bbox 606 809 724 848; x_wconf 89' lang='lat' dir='ltr'>cuius</span> <span class='ocrx_word' id='word_1_103' title='bbox 753 809 939 858; x_wconf 84' lang='lat' dir='ltr'>prandio,</span> <span class='ocrx_word' id='word_1_104' title='bbox 968 809 1019 847; x_wconf 90' lang='lat' dir='ltr'>de</span> <span class='ocrx_word' id='word_1_105' title='bbox 1047 821 1140 847; x_wconf 91' lang='lat' dir='ltr'>meo</span> <span class='ocrx_word' id='word_1_106' title='bbox 1168 809 1235 846; x_wconf 91' lang='lat' dir='ltr'>uel</span> <span class='ocrx_word' id='word_1_107' title='bbox 1265 808 1314 847; x_wconf 87' lang='lat' dir='ltr'>de</span> <span class='ocrx_word' id='word_1_108' title='bbox 1343 808 1542 847; x_wconf 80' lang='lat' dir='ltr'>alterius?</span> 
     </span>
     <span class='ocr_line' id='line_1_14' title="bbox 121 868 1542 918; baseline -0.001 -11"><span class='ocrx_word' id='word_1_109' title='bbox 121 869 174 907; x_wconf 86' lang='lat' dir='ltr'>At</span> <span class='ocrx_word' id='word_1_110' title='bbox 198 869 287 907; x_wconf 90' lang='lat' dir='ltr'>ille:</span> <span class='ocrx_word' id='word_1_111' title='bbox 312 869 369 908; x_wconf 92' lang='lat' dir='ltr'>De</span> <span class='ocrx_word' id='word_1_112' title='bbox 390 872 473 908; x_wconf 87' lang='lat' dir='ltr'>tuo.</span> <span class='ocrx_word' id='word_1_113' title='bbox 508 869 794 907; x_wconf 87' lang='lat' dir='ltr'>Maimundus:</span> <span class='ocrx_word' id='word_1_114' title='bbox 819 869 982 918; x_wconf 83' lang='lat' dir='ltr'>Quanto</span> <span class='ocrx_word' id='word_1_115' title='bbox 1006 869 1142 907; x_wconf 88' lang='lat' dir='ltr'>minus</span> <span class='ocrx_word' id='word_1_116' title='bbox 1166 880 1348 918; x_wconf 88' lang='lat' dir='ltr'>possum.</span> <span class='ocrx_word' id='word_1_117' title='bbox 1385 868 1542 906; x_wconf 81' lang='lat' dir='ltr'>Senex:</span> 
     </span>
     <span class='ocr_line' id='line_1_15' title="bbox 125 926 1541 977; baseline -0.001 -12"><span class='ocrx_word' id='word_1_118' title='bbox 125 927 184 965; x_wconf 91' lang='lat' dir='ltr'>De</span> <span class='ocrx_word' id='word_1_119' title='bbox 213 927 381 965; x_wconf 87' lang='lat' dir='ltr'>alterius</span> <span class='ocrx_word' id='word_1_120' title='bbox 412 930 640 977; x_wconf 77' lang='lat' dir='ltr'>quantum?</span> <span class='ocrx_word' id='word_1_121' title='bbox 692 927 977 965; x_wconf 82' lang='lat' dir='ltr'>Maimundus:</span> <span class='ocrx_word' id='word_1_122' title='bbox 1008 926 1170 976; x_wconf 88' lang='lat' dir='ltr'>Quanto</span> <span class='ocrx_word' id='word_1_123' title='bbox 1199 926 1329 976; x_wconf 82' lang='lat' dir='ltr'>magis</span> <span class='ocrx_word' id='word_1_124' title='bbox 1359 939 1541 975; x_wconf 85' lang='lat' dir='ltr'>possum.</span> 
     </span>
     <span class='ocr_line' id='line_1_16' title="bbox 123 988 1540 1037; baseline -0.001 -11"><span class='ocrx_word' id='word_1_125' title='bbox 123 988 281 1027; x_wconf 84' lang='lat' dir='ltr'>Senex:</span> <span class='ocrx_word' id='word_1_126' title='bbox 326 989 385 1027; x_wconf 87' lang='lat' dir='ltr'>Tu</span> <span class='ocrx_word' id='word_1_127' title='bbox 428 988 551 1027; x_wconf 90' lang='lat' dir='ltr'>modo</span> <span class='ocrx_word' id='word_1_128' title='bbox 596 988 824 1027; x_wconf 89' lang='lat' dir='ltr'>recordaris</span> <span class='ocrx_word' id='word_1_129' title='bbox 867 989 1090 1026; x_wconf 90' lang='lat' dir='ltr'>uerborum</span> <span class='ocrx_word' id='word_1_130' title='bbox 1135 988 1352 1026; x_wconf 82' lang='lat' dir='ltr'>cuiusdam</span> <span class='ocrx_word' id='word_1_131' title='bbox 1395 988 1540 1037; x_wconf 81' lang='lat' dir='ltr'>gulosi,</span> 
     </span>
     <span class='ocr_line' id='line_1_17' title="bbox 121 1047 1541 1098; baseline 0.001 -13"><span class='ocrx_word' id='word_1_132' title='bbox 121 1048 237 1097; x_wconf 85' lang='lat' dir='ltr'>pigri,</span> <span class='ocrx_word' id='word_1_133' title='bbox 276 1048 402 1095; x_wconf 84' lang='lat' dir='ltr'>stulti,</span> <span class='ocrx_word' id='word_1_134' title='bbox 440 1048 591 1098; x_wconf 85' lang='lat' dir='ltr'>garruli</span> <span class='ocrx_word' id='word_1_135' title='bbox 628 1051 668 1086; x_wconf 91' lang='lat' dir='ltr'>et</span> <span class='ocrx_word' id='word_1_136' title='bbox 702 1048 929 1097; x_wconf 80' lang='lat' dir='ltr'>nugigeruli</span> <span class='ocrx_word' id='word_1_137' title='bbox 966 1050 1005 1086; x_wconf 81' lang='lat' dir='ltr'>et</span> <span class='ocrx_word' id='word_1_138' title='bbox 1039 1047 1234 1098; x_wconf 85' lang='lat' dir='ltr'>quicquid</span> <span class='ocrx_word' id='word_1_139' title='bbox 1270 1048 1352 1086; x_wconf 89' lang='lat' dir='ltr'>tale</span> <span class='ocrx_word' id='word_1_140' title='bbox 1385 1047 1436 1085; x_wconf 89' lang='lat' dir='ltr'>de</span> <span class='ocrx_word' id='word_1_141' title='bbox 1471 1048 1541 1086; x_wconf 87' lang='lat' dir='ltr'>illo</span> 
     </span>
     <span class='ocr_line' id='line_1_18' title="bbox 119 1107 1541 1157; baseline 0 -12"><span class='ocrx_word' id='word_1_142' title='bbox 119 1107 270 1146; x_wconf 87' lang='lat' dir='ltr'>dicitur</span> <span class='ocrx_word' id='word_1_143' title='bbox 305 1108 373 1145; x_wconf 90' lang='lat' dir='ltr'>uel</span> <span class='ocrx_word' id='word_1_144' title='bbox 411 1120 459 1146; x_wconf 92' lang='lat' dir='ltr'>eo</span> <span class='ocrx_word' id='word_1_145' title='bbox 496 1107 673 1157; x_wconf 89' lang='lat' dir='ltr'>amplius</span> <span class='ocrx_word' id='word_1_146' title='bbox 710 1108 752 1145; x_wconf 93' lang='lat' dir='ltr'>in</span> <span class='ocrx_word' id='word_1_147' title='bbox 789 1120 837 1146; x_wconf 90' lang='lat' dir='ltr'>eo</span> <span class='ocrx_word' id='word_1_148' title='bbox 873 1107 1092 1146; x_wconf 89' lang='lat' dir='ltr'>inuenitur.</span> <span class='ocrx_word' id='word_1_149' title='bbox 1143 1107 1330 1146; x_wconf 88' lang='lat' dir='ltr'>quenis:</span> <span class='ocrx_word' id='word_1_150' title='bbox 1367 1107 1541 1145; x_wconf 88' lang='lat' dir='ltr'>Multum</span> 
     </span>
     <span class='ocr_line' id='line_1_19' title="bbox 123 1165 1540 1215; baseline 0 -12"><span class='ocrx_word' id='word_1_151' title='bbox 123 1166 260 1214; x_wconf 85' lang='lat' dir='ltr'>placet</span> <span class='ocrx_word' id='word_1_152' title='bbox 290 1165 415 1203; x_wconf 86' lang='lat' dir='ltr'>michi</span> <span class='ocrx_word' id='word_1_153' title='bbox 448 1166 500 1203; x_wconf 90' lang='lat' dir='ltr'>de</span> <span class='ocrx_word' id='word_1_154' title='bbox 534 1178 581 1204; x_wconf 91' lang='lat' dir='ltr'>eo</span> <span class='ocrx_word' id='word_1_155' title='bbox 615 1165 770 1212; x_wconf 87' lang='lat' dir='ltr'>audire,</span> <span class='ocrx_word' id='word_1_156' title='bbox 806 1166 903 1215; x_wconf 85' lang='lat' dir='ltr'>quia</span> <span class='ocrx_word' id='word_1_157' title='bbox 937 1165 1132 1215; x_wconf 85' lang='lat' dir='ltr'>quicquid</span> <span class='ocrx_word' id='word_1_158' title='bbox 1164 1166 1215 1203; x_wconf 91' lang='lat' dir='ltr'>de</span> <span class='ocrx_word' id='word_1_159' title='bbox 1249 1178 1296 1203; x_wconf 90' lang='lat' dir='ltr'>eo</span> <span class='ocrx_word' id='word_1_160' title='bbox 1330 1168 1404 1212; x_wconf 84' lang='lat' dir='ltr'>est,</span> <span class='ocrx_word' id='word_1_161' title='bbox 1439 1166 1540 1205; x_wconf 88' lang='lat' dir='ltr'>deri-</span> 
     </span>
     <span class='ocr_line' id='line_1_20' title="bbox 119 1226 1540 1277; baseline 0 -13"><span class='ocrx_word' id='word_1_162' title='bbox 119 1226 277 1265; x_wconf 88' lang='lat' dir='ltr'>sorium</span> <span class='ocrx_word' id='word_1_163' title='bbox 321 1230 392 1265; x_wconf 89' lang='lat' dir='ltr'>est.</span> <span class='ocrx_word' id='word_1_164' title='bbox 447 1227 497 1265; x_wconf 91' lang='lat' dir='ltr'>Et</span> <span class='ocrx_word' id='word_1_165' title='bbox 537 1227 572 1265; x_wconf 90' lang='lat' dir='ltr'>si</span> <span class='ocrx_word' id='word_1_166' title='bbox 613 1227 711 1277; x_wconf 88' lang='lat' dir='ltr'>quid</span> <span class='ocrx_word' id='word_1_167' title='bbox 751 1227 802 1265; x_wconf 93' lang='lat' dir='ltr'>de</span> <span class='ocrx_word' id='word_1_168' title='bbox 843 1227 931 1265; x_wconf 91' lang='lat' dir='ltr'>eius</span> <span class='ocrx_word' id='word_1_169' title='bbox 971 1227 1093 1265; x_wconf 85' lang='lat' dir='ltr'>dictis</span> <span class='ocrx_word' id='word_1_170' title='bbox 1132 1227 1200 1265; x_wconf 90' lang='lat' dir='ltr'>uel</span> <span class='ocrx_word' id='word_1_171' title='bbox 1239 1227 1362 1265; x_wconf 83' lang='lat' dir='ltr'>factis</span> <span class='ocrx_word' id='word_1_172' title='bbox 1402 1230 1540 1265; x_wconf 87' lang='lat' dir='ltr'>mente</span> 
     </span>
     <span class='ocr_line' id='line_1_21' title="bbox 120 1286 1328 1336; baseline 0 -12"><span class='ocrx_word' id='word_1_173' title='bbox 120 1286 286 1333; x_wconf 84' lang='lat' dir='ltr'>retines,</span> <span class='ocrx_word' id='word_1_174' title='bbox 324 1287 528 1336; x_wconf 87' lang='lat' dir='ltr'>eloquere,</span> <span class='ocrx_word' id='word_1_175' title='bbox 565 1290 605 1325; x_wconf 88' lang='lat' dir='ltr'>et</span> <span class='ocrx_word' id='word_1_176' title='bbox 639 1287 800 1325; x_wconf 86' lang='lat' dir='ltr'>habebo</span> <span class='ocrx_word' id='word_1_177' title='bbox 834 1299 907 1336; x_wconf 87' lang='lat' dir='ltr'>pro</span> <span class='ocrx_word' id='word_1_178' title='bbox 941 1299 1123 1325; x_wconf 88' lang='lat' dir='ltr'>munere.</span> <span class='ocrx_word' id='word_1_179' title='bbox 1172 1287 1328 1325; x_wconf 87' lang='lat' dir='ltr'>Senex:</span> 
     </span>
    </p>
   </div>
   <div class='ocr_carea' id='block_1_3' title="bbox 142 1356 1539 1486">
    <p class='ocr_par' dir='ltr' id='par_1_3' title="bbox 142 1356 1539 1486">
     <span class='ocr_line' id='line_1_22' title="bbox 142 1356 1539 1442; baseline -0.017 -32"><span class='ocrx_word' id='word_1_180' title='bbox 142 1387 353 1437; x_wconf 67' lang='lat' dir='ltr'><strong>Exempl</strong></span> <span class='ocrx_word' id='word_1_181' title='bbox 394 1388 581 1427; x_wconf 50' lang='lat' dir='ltr'><strong>XXVII·</strong></span> <span class='ocrx_word' id='word_1_182' title='bbox 616 1356 848 1442; x_wconf 80' lang='lat' dir='ltr'>Dominus</span> <span class='ocrx_word' id='word_1_183' title='bbox 899 1370 998 1396; x_wconf 88' lang='lat' dir='ltr'>suus</span> <span class='ocrx_word' id='word_1_184' title='bbox 1046 1359 1229 1407; x_wconf 82' lang='lat' dir='ltr'>precepit</span> <span class='ocrx_word' id='word_1_185' title='bbox 1277 1358 1313 1396; x_wconf 79' lang='lat' dir='ltr'>ei</span> <span class='ocrx_word' id='word_1_186' title='bbox 1360 1358 1539 1408; x_wconf 67' lang='lat' dir='ltr'>quadam</span> 
     </span>
     <span class='ocr_line' id='line_1_23' title="bbox 196 1417 1539 1486; baseline -0.012 -17"><span class='ocrx_word' id='word_1_187' title='bbox 196 1447 258 1486; x_wconf 69' lang='lat' dir='ltr'>De</span> <span class='ocrx_word' id='word_1_188' title='bbox 289 1417 533 1486; x_wconf 35' lang='lat' dir='ltr'>MaRmundo</span> <span class='ocrx_word' id='word_1_189' title='bbox 573 1420 582 1428; x_wconf 82' lang='lat'>‘</span> <span class='ocrx_word' id='word_1_190' title='bbox 710 1420 829 1455; x_wconf 87' lang='lat' dir='ltr'>nocte</span> <span class='ocrx_word' id='word_1_191' title='bbox 870 1421 916 1456; x_wconf 84' lang='lat' dir='ltr'>ut</span> <span class='ocrx_word' id='word_1_192' title='bbox 958 1418 1170 1456; x_wconf 77' lang='lat' dir='ltr'>clauderet</span> <span class='ocrx_word' id='word_1_193' title='bbox 1211 1418 1391 1456; x_wconf 83' lang='lat' dir='ltr'>ianuam.</span> <span class='ocrx_word' id='word_1_194' title='bbox 1446 1419 1539 1467; x_wconf 80' lang='lat' dir='ltr'>Ipse</span> 
     </span>
    </p>
   </div>
   <div class='ocr_carea' id='block_1_4' title="bbox 112 1477 1540 2420">
    <p class='ocr_par' dir='ltr' id='par_1_4' title="bbox 112 1477 1540 2420">
     <span class='ocr_line' id='line_1_24' title="bbox 357 1477 1540 1527; baseline 0.002 -14"><span class='ocrx_word' id='word_1_195' title='bbox 357 1519 366 1527; x_wconf 57' lang='lat'>,</span> <span class='ocrx_word' id='word_1_196' title='bbox 614 1489 712 1514; x_wconf 89' lang='lat' dir='ltr'>uero</span> <span class='ocrx_word' id='word_1_197' title='bbox 737 1477 897 1515; x_wconf 89' lang='lat' dir='ltr'>desidia</span> <span class='ocrx_word' id='word_1_198' title='bbox 920 1490 1088 1526; x_wconf 86' lang='lat' dir='ltr'>pressus</span> <span class='ocrx_word' id='word_1_199' title='bbox 1113 1490 1278 1527; x_wconf 82' lang='lat' dir='ltr'>surgere</span> <span class='ocrx_word' id='word_1_200' title='bbox 1302 1490 1384 1516; x_wconf 90' lang='lat' dir='ltr'>non</span> <span class='ocrx_word' id='word_1_201' title='bbox 1407 1478 1540 1526; x_wconf 84' lang='lat' dir='ltr'>potuit</span> 
     </span>
     <span class='ocr_line' id='line_1_25' title="bbox 295 1518 1537 1586; baseline 0.002 -14"><span class='ocrx_word' id='word_1_202' title='bbox 295 1518 436 1545; x_wconf 59' lang='lat' dir='ltr'><strong>selvo*</strong></span> <span class='ocrx_word' id='word_1_203' title='bbox 615 1539 653 1574; x_wconf 88' lang='lat' dir='ltr'>et</span> <span class='ocrx_word' id='word_1_204' title='bbox 691 1536 783 1574; x_wconf 91' lang='lat' dir='ltr'>ideo</span> <span class='ocrx_word' id='word_1_205' title='bbox 820 1537 926 1574; x_wconf 81' lang='lat' dir='ltr'>dixit</span> <span class='ocrx_word' id='word_1_206' title='bbox 963 1537 1059 1586; x_wconf 83' lang='lat' dir='ltr'>quia</span> <span class='ocrx_word' id='word_1_207' title='bbox 1096 1538 1240 1575; x_wconf 84' lang='lat' dir='ltr'>clausa</span> <span class='ocrx_word' id='word_1_208' title='bbox 1277 1541 1365 1575; x_wconf 85' lang='lat' dir='ltr'>erat</span> <span class='ocrx_word' id='word_1_209' title='bbox 1400 1537 1537 1576; x_wconf 81' lang='lat' dir='ltr'>ianua.</span> 
     </span>
     <span class='ocr_line' id='line_1_26' title="bbox 115 1592 1536 1646; baseline 0.003 -15"><span class='ocrx_word' id='word_1_210' title='bbox 115 1592 238 1631; x_wconf 89' lang='lat' dir='ltr'>Mane</span> <span class='ocrx_word' id='word_1_211' title='bbox 275 1596 413 1632; x_wconf 83' lang='lat' dir='ltr'>autem</span> <span class='ocrx_word' id='word_1_212' title='bbox 447 1594 557 1633; x_wconf 76' lang='lat' dir='ltr'>facto</span> <span class='ocrx_word' id='word_1_213' title='bbox 592 1595 697 1633; x_wconf 89' lang='lat' dir='ltr'>dixit</span> <span class='ocrx_word' id='word_1_214' title='bbox 731 1596 922 1634; x_wconf 87' lang='lat' dir='ltr'>dominus</span> <span class='ocrx_word' id='word_1_215' title='bbox 960 1609 1102 1635; x_wconf 89' lang='lat' dir='ltr'>seruo:</span> <span class='ocrx_word' id='word_1_216' title='bbox 1138 1597 1387 1643; x_wconf 80' lang='lat' dir='ltr'>Maimunde,</span> <span class='ocrx_word' id='word_1_217' title='bbox 1424 1597 1536 1646; x_wconf 85' lang='lat' dir='ltr'>aperi</span> 
     </span>
     <span class='ocr_line' id='line_1_27' title="bbox 118 1652 1534 1706; baseline 0.003 -16"><span class='ocrx_word' id='word_1_218' title='bbox 118 1652 314 1691; x_wconf 83' lang='lat' dir='ltr'>ianuam!</span> <span class='ocrx_word' id='word_1_219' title='bbox 357 1653 433 1692; x_wconf 91' lang='lat' dir='ltr'>Cui</span> <span class='ocrx_word' id='word_1_220' title='bbox 461 1667 634 1692; x_wconf 85' lang='lat' dir='ltr'>seruus:</span> <span class='ocrx_word' id='word_1_221' title='bbox 662 1655 852 1701; x_wconf 84' lang='lat' dir='ltr'>Domine,</span> <span class='ocrx_word' id='word_1_222' title='bbox 881 1656 1068 1694; x_wconf 85' lang='lat' dir='ltr'>sciebam</span> <span class='ocrx_word' id='word_1_223' title='bbox 1097 1656 1208 1706; x_wconf 83' lang='lat' dir='ltr'>quod</span> <span class='ocrx_word' id='word_1_224' title='bbox 1236 1656 1411 1695; x_wconf 87' lang='lat' dir='ltr'>uolebas</span> <span class='ocrx_word' id='word_1_225' title='bbox 1440 1669 1534 1696; x_wconf 83' lang='lat' dir='ltr'>eam</span> 
     </span>
     <span class='ocr_line' id='line_1_28' title="bbox 115 1711 1536 1762; baseline 0.003 -12"><span class='ocrx_word' id='word_1_226' title='bbox 115 1711 239 1750; x_wconf 89' lang='lat' dir='ltr'>hodie</span> <span class='ocrx_word' id='word_1_227' title='bbox 269 1725 361 1751; x_wconf 90' lang='lat' dir='ltr'>esse</span> <span class='ocrx_word' id='word_1_228' title='bbox 391 1716 575 1762; x_wconf 83' lang='lat' dir='ltr'>apertam</span> <span class='ocrx_word' id='word_1_229' title='bbox 605 1716 645 1752; x_wconf 89' lang='lat' dir='ltr'>et</span> <span class='ocrx_word' id='word_1_230' title='bbox 672 1714 765 1752; x_wconf 91' lang='lat' dir='ltr'>ideo</span> <span class='ocrx_word' id='word_1_231' title='bbox 794 1715 908 1752; x_wconf 89' lang='lat' dir='ltr'>nolui</span> <span class='ocrx_word' id='word_1_232' title='bbox 938 1727 1029 1753; x_wconf 85' lang='lat' dir='ltr'>eam</span> <span class='ocrx_word' id='word_1_233' title='bbox 1058 1727 1150 1753; x_wconf 90' lang='lat' dir='ltr'>sero</span> <span class='ocrx_word' id='word_1_234' title='bbox 1178 1716 1382 1754; x_wconf 79' lang='lat' dir='ltr'>claudere.</span> <span class='ocrx_word' id='word_1_235' title='bbox 1423 1717 1536 1755; x_wconf 86' lang='lat' dir='ltr'>Tunc</span> 
     </span>
     <span class='ocr_line' id='line_1_29' title="bbox 116 1771 1534 1824; baseline 0.004 -16"><span class='ocrx_word' id='word_1_236' title='bbox 116 1771 299 1820; x_wconf 87' lang='lat' dir='ltr'>primum</span> <span class='ocrx_word' id='word_1_237' title='bbox 334 1772 540 1822; x_wconf 86' lang='lat' dir='ltr'>comperit</span> <span class='ocrx_word' id='word_1_238' title='bbox 577 1774 773 1812; x_wconf 87' lang='lat' dir='ltr'>dominus</span> <span class='ocrx_word' id='word_1_239' title='bbox 811 1773 921 1822; x_wconf 89' lang='lat' dir='ltr'>quod</span> <span class='ocrx_word' id='word_1_240' title='bbox 951 1778 1122 1824; x_wconf 84' lang='lat' dir='ltr'>propter</span> <span class='ocrx_word' id='word_1_241' title='bbox 1158 1775 1380 1824; x_wconf 78' lang='lat' dir='ltr'>pigriciam</span> <span class='ocrx_word' id='word_1_242' title='bbox 1416 1776 1534 1814; x_wconf 87' lang='lat' dir='ltr'>dimi-</span> 
     </span>
     <span class='ocr_line' id='line_1_30' title="bbox 116 1831 1536 1883; baseline 0.004 -15"><span class='ocrx_word' id='word_1_243' title='bbox 116 1833 227 1868; x_wconf 82' lang='lat' dir='ltr'>serat</span> <span class='ocrx_word' id='word_1_244' title='bbox 270 1833 309 1869; x_wconf 85' lang='lat' dir='ltr'>et</span> <span class='ocrx_word' id='word_1_245' title='bbox 348 1831 474 1870; x_wconf 88' lang='lat' dir='ltr'>dixit:</span> <span class='ocrx_word' id='word_1_246' title='bbox 518 1832 658 1881; x_wconf 85' lang='lat' dir='ltr'>Surge,</span> <span class='ocrx_word' id='word_1_247' title='bbox 699 1833 766 1871; x_wconf 80' lang='lat' dir='ltr'>fac</span> <span class='ocrx_word' id='word_1_248' title='bbox 809 1845 912 1882; x_wconf 89' lang='lat' dir='ltr'>opus</span> <span class='ocrx_word' id='word_1_249' title='bbox 954 1837 1082 1879; x_wconf 87' lang='lat' dir='ltr'>tuum,</span> <span class='ocrx_word' id='word_1_250' title='bbox 1127 1834 1224 1883; x_wconf 80' lang='lat' dir='ltr'>quia</span> <span class='ocrx_word' id='word_1_251' title='bbox 1264 1834 1352 1872; x_wconf 89' lang='lat' dir='ltr'>dies</span> <span class='ocrx_word' id='word_1_252' title='bbox 1395 1838 1456 1872; x_wconf 91' lang='lat' dir='ltr'>est</span> <span class='ocrx_word' id='word_1_253' title='bbox 1497 1837 1536 1873; x_wconf 93' lang='lat' dir='ltr'>et</span> 
     </span>
     <span class='ocr_line' id='line_1_31' title="bbox 116 1890 1533 1939; baseline 0.004 -12"><span class='ocrx_word' id='word_1_254' title='bbox 116 1890 177 1928; x_wconf 90' lang='lat' dir='ltr'>sol</span> <span class='ocrx_word' id='word_1_255' title='bbox 214 1890 297 1928; x_wconf 89' lang='lat' dir='ltr'>iam</span> <span class='ocrx_word' id='word_1_256' title='bbox 334 1891 440 1930; x_wconf 88' lang='lat' dir='ltr'>altus</span> <span class='ocrx_word' id='word_1_257' title='bbox 478 1894 551 1930; x_wconf 90' lang='lat' dir='ltr'>est.</span> <span class='ocrx_word' id='word_1_258' title='bbox 601 1892 675 1931; x_wconf 93' lang='lat' dir='ltr'>Cui</span> <span class='ocrx_word' id='word_1_259' title='bbox 711 1905 880 1931; x_wconf 87' lang='lat' dir='ltr'>seruus:</span> <span class='ocrx_word' id='word_1_260' title='bbox 916 1893 1102 1939; x_wconf 85' lang='lat' dir='ltr'>Domine,</span> <span class='ocrx_word' id='word_1_261' title='bbox 1140 1894 1174 1931; x_wconf 91' lang='lat' dir='ltr'>si</span> <span class='ocrx_word' id='word_1_262' title='bbox 1210 1894 1272 1931; x_wconf 94' lang='lat' dir='ltr'>sol</span> <span class='ocrx_word' id='word_1_263' title='bbox 1308 1894 1391 1932; x_wconf 87' lang='lat' dir='ltr'>iam</span> <span class='ocrx_word' id='word_1_264' title='bbox 1426 1895 1533 1933; x_wconf 87' lang='lat' dir='ltr'>altus</span> 
     </span>
     <span class='ocr_line' id='line_1_32' title="bbox 117 1949 1533 2000; baseline 0.005 -14"><span class='ocrx_word' id='word_1_265' title='bbox 117 1951 189 1995; x_wconf 89' lang='lat' dir='ltr'>est,</span> <span class='ocrx_word' id='word_1_266' title='bbox 223 1949 275 1987; x_wconf 86' lang='lat' dir='ltr'>da</span> <span class='ocrx_word' id='word_1_267' title='bbox 305 1950 430 1988; x_wconf 87' lang='lat' dir='ltr'>michi</span> <span class='ocrx_word' id='word_1_268' title='bbox 461 1952 696 1990; x_wconf 80' lang='lat' dir='ltr'>comedere!</span> <span class='ocrx_word' id='word_1_269' title='bbox 742 1952 816 1992; x_wconf 92' lang='lat' dir='ltr'>Cui</span> <span class='ocrx_word' id='word_1_270' title='bbox 845 1953 1060 1991; x_wconf 87' lang='lat' dir='ltr'>dominus:</span> <span class='ocrx_word' id='word_1_271' title='bbox 1092 1953 1275 1991; x_wconf 87' lang='lat' dir='ltr'>Pessime</span> <span class='ocrx_word' id='word_1_272' title='bbox 1307 1966 1437 2000; x_wconf 89' lang='lat' dir='ltr'>serue,</span> <span class='ocrx_word' id='word_1_273' title='bbox 1469 1954 1533 1993; x_wconf 91' lang='lat' dir='ltr'>uis</span> 
     </span>
     <span class='ocr_line' id='line_1_33' title="bbox 115 2010 1533 2062; baseline 0.004 -17"><span class='ocrx_word' id='word_1_274' title='bbox 115 2010 235 2046; x_wconf 89' lang='lat' dir='ltr'>nocte</span> <span class='ocrx_word' id='word_1_275' title='bbox 275 2010 520 2048; x_wconf 79' lang='lat' dir='ltr'>comedere?</span> <span class='ocrx_word' id='word_1_276' title='bbox 574 2011 749 2049; x_wconf 90' lang='lat' dir='ltr'>Seruus:</span> <span class='ocrx_word' id='word_1_277' title='bbox 792 2012 836 2050; x_wconf 89' lang='lat' dir='ltr'>Si</span> <span class='ocrx_word' id='word_1_278' title='bbox 874 2025 958 2050; x_wconf 86' lang='lat' dir='ltr'>nox</span> <span class='ocrx_word' id='word_1_279' title='bbox 999 2016 1071 2059; x_wconf 83' lang='lat' dir='ltr'>est,</span> <span class='ocrx_word' id='word_1_280' title='bbox 1112 2013 1302 2062; x_wconf 89' lang='lat' dir='ltr'>permitte</span> <span class='ocrx_word' id='word_1_281' title='bbox 1341 2026 1407 2051; x_wconf 91' lang='lat' dir='ltr'>me</span> <span class='ocrx_word' id='word_1_282' title='bbox 1445 2014 1533 2052; x_wconf 91' lang='lat' dir='ltr'>dor-</span> 
     </span>
     <span class='ocr_line' id='line_1_34' title="bbox 113 2068 1531 2120; baseline 0.004 -15"><span class='ocrx_word' id='word_1_283' title='bbox 113 2068 237 2106; x_wconf 83' lang='lat' dir='ltr'>mire!</span> <span class='ocrx_word' id='word_1_284' title='bbox 271 2089 321 2094; x_wconf 85' lang='lat'>—</span> <span class='ocrx_word' id='word_1_285' title='bbox 351 2069 444 2107; x_wconf 86' lang='lat' dir='ltr'>Alia</span> <span class='ocrx_word' id='word_1_286' title='bbox 474 2070 566 2108; x_wconf 87' lang='lat' dir='ltr'>uice</span> <span class='ocrx_word' id='word_1_287' title='bbox 595 2071 700 2108; x_wconf 89' lang='lat' dir='ltr'>dixit</span> <span class='ocrx_word' id='word_1_288' title='bbox 728 2071 920 2110; x_wconf 87' lang='lat' dir='ltr'>dominus</span> <span class='ocrx_word' id='word_1_289' title='bbox 953 2085 1074 2110; x_wconf 87' lang='lat' dir='ltr'>seruo</span> <span class='ocrx_word' id='word_1_290' title='bbox 1106 2075 1251 2110; x_wconf 85' lang='lat' dir='ltr'>noctu:</span> <span class='ocrx_word' id='word_1_291' title='bbox 1282 2073 1531 2120; x_wconf 86' lang='lat' dir='ltr'>Maimunde,</span> 
     </span>
     <span class='ocr_line' id='line_1_35' title="bbox 114 2128 1533 2180; baseline 0.005 -16"><span class='ocrx_word' id='word_1_292' title='bbox 114 2139 236 2176; x_wconf 84' lang='lat' dir='ltr'>surge</span> <span class='ocrx_word' id='word_1_293' title='bbox 273 2130 311 2165; x_wconf 89' lang='lat' dir='ltr'>et</span> <span class='ocrx_word' id='word_1_294' title='bbox 346 2128 491 2167; x_wconf 87' lang='lat' dir='ltr'>uideas</span> <span class='ocrx_word' id='word_1_295' title='bbox 527 2132 665 2168; x_wconf 88' lang='lat' dir='ltr'>utrum</span> <span class='ocrx_word' id='word_1_296' title='bbox 700 2131 816 2179; x_wconf 86' lang='lat' dir='ltr'>pluat</span> <span class='ocrx_word' id='word_1_297' title='bbox 851 2133 1000 2169; x_wconf 88' lang='lat' dir='ltr'>necne!</span> <span class='ocrx_word' id='word_1_298' title='bbox 1049 2132 1142 2180; x_wconf 85' lang='lat' dir='ltr'>Ipse</span> <span class='ocrx_word' id='word_1_299' title='bbox 1176 2144 1276 2170; x_wconf 90' lang='lat' dir='ltr'>uero</span> <span class='ocrx_word' id='word_1_300' title='bbox 1311 2133 1533 2171; x_wconf 86' lang='lat' dir='ltr'>aduocauit</span> 
     </span>
     <span class='ocr_line' id='line_1_36' title="bbox 113 2188 1530 2240; baseline 0.005 -16"><span class='ocrx_word' id='word_1_301' title='bbox 113 2198 261 2224; x_wconf 89' lang='lat' dir='ltr'>canem</span> <span class='ocrx_word' id='word_1_302' title='bbox 299 2188 370 2237; x_wconf 86' lang='lat' dir='ltr'>qui</span> <span class='ocrx_word' id='word_1_303' title='bbox 405 2188 568 2226; x_wconf 83' lang='lat' dir='ltr'>iacebat</span> <span class='ocrx_word' id='word_1_304' title='bbox 605 2192 721 2227; x_wconf 84' lang='lat' dir='ltr'>extra</span> <span class='ocrx_word' id='word_1_305' title='bbox 757 2190 937 2237; x_wconf 85' lang='lat' dir='ltr'>ianuam,</span> <span class='ocrx_word' id='word_1_306' title='bbox 977 2194 1017 2229; x_wconf 90' lang='lat' dir='ltr'>et</span> <span class='ocrx_word' id='word_1_307' title='bbox 1051 2203 1146 2229; x_wconf 88' lang='lat' dir='ltr'>cum</span> <span class='ocrx_word' id='word_1_308' title='bbox 1181 2192 1367 2230; x_wconf 89' lang='lat' dir='ltr'>uenisset</span> <span class='ocrx_word' id='word_1_309' title='bbox 1401 2193 1530 2240; x_wconf 87' lang='lat' dir='ltr'>canis,</span> 
     </span>
     <span class='ocr_line' id='line_1_37' title="bbox 112 2246 1531 2298; baseline 0.005 -15"><span class='ocrx_word' id='word_1_310' title='bbox 112 2246 299 2296; x_wconf 88' lang='lat' dir='ltr'>palpauit</span> <span class='ocrx_word' id='word_1_311' title='bbox 342 2247 468 2295; x_wconf 89' lang='lat' dir='ltr'>pedes</span> <span class='ocrx_word' id='word_1_312' title='bbox 514 2248 615 2287; x_wconf 89' lang='lat' dir='ltr'>eius.</span> <span class='ocrx_word' id='word_1_313' title='bbox 674 2249 832 2298; x_wconf 84' lang='lat' dir='ltr'>Quibus</span> <span class='ocrx_word' id='word_1_314' title='bbox 875 2250 1056 2288; x_wconf 84' lang='lat' dir='ltr'>inuentis</span> <span class='ocrx_word' id='word_1_315' title='bbox 1102 2251 1222 2289; x_wconf 85' lang='lat' dir='ltr'>siccis</span> <span class='ocrx_word' id='word_1_316' title='bbox 1265 2251 1432 2290; x_wconf 91' lang='lat' dir='ltr'>domino</span> <span class='ocrx_word' id='word_1_317' title='bbox 1475 2253 1531 2290; x_wconf 92' lang='lat' dir='ltr'>in-</span> 
     </span>
     <span class='ocr_line' id='line_1_38' title="bbox 113 2305 1530 2357; baseline 0.006 -15"><span class='ocrx_word' id='word_1_318' title='bbox 113 2305 222 2355; x_wconf 90' lang='lat' dir='ltr'>quit:</span> <span class='ocrx_word' id='word_1_319' title='bbox 266 2306 451 2353; x_wconf 87' lang='lat' dir='ltr'>Domine,</span> <span class='ocrx_word' id='word_1_320' title='bbox 494 2319 578 2345; x_wconf 90' lang='lat' dir='ltr'>non</span> <span class='ocrx_word' id='word_1_321' title='bbox 617 2309 733 2357; x_wconf 89' lang='lat' dir='ltr'>pluit.</span> <span class='ocrx_word' id='word_1_322' title='bbox 775 2331 825 2335; x_wconf 77' lang='lat'>—</span> <span class='ocrx_word' id='word_1_323' title='bbox 866 2310 958 2347; x_wconf 88' lang='lat' dir='ltr'>Alia</span> <span class='ocrx_word' id='word_1_324' title='bbox 997 2310 1090 2348; x_wconf 79' lang='lat' dir='ltr'>uice</span> <span class='ocrx_word' id='word_1_325' title='bbox 1129 2311 1321 2349; x_wconf 88' lang='lat' dir='ltr'>dominus</span> <span class='ocrx_word' id='word_1_326' title='bbox 1363 2312 1530 2350; x_wconf 84' lang='lat' dir='ltr'>interro·</span> 
     </span>
     <span class='ocr_line' id='line_1_39' title="bbox 113 2365 1529 2420; baseline 0.006 -18"><span class='ocrx_word' id='word_1_327' title='bbox 113 2365 225 2414; x_wconf 87' lang='lat' dir='ltr'>gauit</span> <span class='ocrx_word' id='word_1_328' title='bbox 266 2378 434 2404; x_wconf 85' lang='lat' dir='ltr'>seruum</span> <span class='ocrx_word' id='word_1_329' title='bbox 476 2373 599 2405; x_wconf 86' lang='lat' dir='ltr'>noctu</span> <span class='ocrx_word' id='word_1_330' title='bbox 641 2380 694 2405; x_wconf 86' lang='lat' dir='ltr'>an</span> <span class='ocrx_word' id='word_1_331' title='bbox 734 2369 839 2417; x_wconf 84' lang='lat' dir='ltr'>ignis</span> <span class='ocrx_word' id='word_1_332' title='bbox 881 2372 991 2407; x_wconf 84' lang='lat' dir='ltr'>esset</span> <span class='ocrx_word' id='word_1_333' title='bbox 1029 2370 1072 2407; x_wconf 91' lang='lat' dir='ltr'>in</span> <span class='ocrx_word' id='word_1_334' title='bbox 1110 2370 1245 2409; x_wconf 88' lang='lat' dir='ltr'>domo.</span> <span class='ocrx_word' id='word_1_335' title='bbox 1298 2371 1390 2420; x_wconf 89' lang='lat' dir='ltr'>Ipse</span> <span class='ocrx_word' id='word_1_336' title='bbox 1430 2384 1529 2410; x_wconf 89' lang='lat' dir='ltr'>uero</span> 
     </span>
    </p>
   </div>
   <div class='ocr_carea' id='block_1_5' title="bbox 112 2481 1529 2577">
    <p class='ocr_par' dir='ltr' id='par_1_5' title="bbox 112 2481 1529 2577">
     <span class='ocr_line' id='line_1_40' title="bbox 210 2481 1529 2531; baseline 0.005 -17"><span class='ocrx_word' id='word_1_337' title='bbox 210 2481 224 2513; x_wconf 91' lang='lat'>1</span> <span class='ocrx_word' id='word_1_338' title='bbox 255 2485 524 2515; x_wconf 82' lang='lat' dir='ltr'>consenserunt.</span> <span class='ocrx_word' id='word_1_339' title='bbox 560 2501 603 2505; x_wconf 88' lang='lat'>-—</span> <span class='ocrx_word' id='word_1_340' title='bbox 643 2484 663 2515; x_wconf 77' lang='lat'><strong>9</strong></span> <span class='ocrx_word' id='word_1_341' title='bbox 690 2485 955 2527; x_wconf 69' lang='lat' dir='ltr'>Auyenspruny</span> <span class='ocrx_word' id='word_1_342' title='bbox 973 2485 1092 2518; x_wconf 71' lang='lat' dir='ltr'>Izc&#39;nter</span> <span class='ocrx_word' id='word_1_343' title='bbox 1108 2496 1206 2529; x_wconf 89' lang='lat' dir='ltr'>puer.</span> <span class='ocrx_word' id='word_1_344' title='bbox 1240 2505 1283 2510; x_wconf 92' lang='lat'>—</span> <span class='ocrx_word' id='word_1_345' title='bbox 1319 2487 1362 2521; x_wconf 82' lang='lat'>13</span> <span class='ocrx_word' id='word_1_346' title='bbox 1388 2488 1529 2531; x_wconf 60' lang='lat' dir='ltr'>Augen-</span> 
     </span>
     <span class='ocr_line' id='line_1_41' title="bbox 112 2533 1006 2577; baseline 0.006 -11"><span class='ocrx_word' id='word_1_347' title='bbox 112 2543 251 2576; x_wconf 68' lang='lat' dir='ltr'>sprmzy</span> <span class='ocrx_word' id='word_1_348' title='bbox 275 2533 395 2568; x_wconf 71' lang='lat' dir='ltr'>hinter</span> <span class='ocrx_word' id='word_1_349' title='bbox 419 2545 576 2577; x_wconf 75' lang='lat' dir='ltr'>possum.</span> <span class='ocrx_word' id='word_1_350' title='bbox 606 2554 647 2557; x_wconf 51' lang='lat' dir='ltr'>w</span> <span class='ocrx_word' id='word_1_351' title='bbox 678 2535 721 2569; x_wconf 74' lang='lat'>15</span> <span class='ocrx_word' id='word_1_352' title='bbox 746 2536 799 2569; x_wconf 94' lang='lat' dir='ltr'>Tu</span> <span class='ocrx_word' id='word_1_353' title='bbox 826 2548 912 2571; x_wconf 87' lang='lat' dir='ltr'>uero</span> <span class='ocrx_word' id='word_1_354' title='bbox 938 2549 1006 2571; x_wconf 85' lang='lat' dir='ltr'>rec.</span> 
     </span>
    </p>
   </div>
   <div class='ocr_carea' id='block_1_6' title="bbox 1596 392 1619 425">
    <p class='ocr_par' dir='ltr' id='par_1_6' title="bbox 1596 392 1619 425">
     <span class='ocr_line' id='line_1_42' title="bbox 1596 392 1619 425; textangle 90"><span class='ocrx_word' id='word_1_355' title='bbox 1596 392 1619 425; x_wconf 60' lang='grc' dir='ltr'>υτ</span> 
     </span>
    </p>
   </div>
   <div class='ocr_carea' id='block_1_7' title="bbox 1574 690 1617 724">
    <p class='ocr_par' dir='ltr' id='par_1_7' title="bbox 1574 690 1617 724">
     <span class='ocr_line' id='line_1_43' title="bbox 1574 690 1617 724; baseline 0 0"><span class='ocrx_word' id='word_1_356' title='bbox 1574 690 1617 724; x_wconf 86' lang='grc'>10</span> 
     </span>
    </p>
   </div>
   <div class='ocr_carea' id='block_1_8' title="bbox 1559 2199 1604 2232">
    <p class='ocr_par' dir='ltr' id='par_1_8' title="bbox 1559 2199 1604 2232">
     <span class='ocr_line' id='line_1_44' title="bbox 1559 2199 1604 2232; baseline 0 0"><span class='ocrx_word' id='word_1_357' title='bbox 1559 2199 1604 2232; x_wconf 80' lang='grc'>35</span> 
     </span>
    </p>
   </div>
  </div>
 </body>
</html>
