1790 2857
718 47 991 83 ...49—

152 171 283 209 morte
318 170 512 207 liberare:
552 172 672 206 hodie
710 179 783 206 nec
819 167 906 205 eius
944 166 1078 204 iacula
1111 165 1244 203 ualuit
1279 164 1473 202 deuitare.
1511 186 1560 189 —

152 231 289 269 Alius:
319 229 415 267 Heri
444 229 620 266 ducebat
649 228 873 266 exercitus:
902 227 1024 265 hodie
1053 227 1102 264 ab
1132 226 1211 263 illis
1242 225 1403 263 ducitur
1431 225 1560 273 sepul-

151 293 252 328 ture.
291 311 341 315 *-
378 289 515 326 Alius:
552 288 648 326 Heri
683 291 834 325 terram
871 287 1102 336 premebat:
1139 285 1261 323 hodie
1298 284 1441 322 eadem
1476 296 1560 332 pre-

152 350 275 387 mitur
315 349 415 397 ipse.
458 370 508 374 ——
548 348 686 386 Alius:
727 347 822 385 Heri
865 350 1004 395 gentes
1046 358 1139 383 eum
1180 345 1399 383 timebant:
1440 344 1562 381 hodie

153 407 281 446 uilem
324 418 417 444 eum
460 406 668 454 deputant.
714 427 763 431 ——
807 405 944 442 Alius:
988 404 1083 442 Heri
1128 403 1282 441 amicos
1326 402 1471 440 habuit
1525 404 1564 439 et
1621 399 1642 432 5

155 466 365 504 inimicos:
401 465 524 503 hodie
558 466 683 502 habet
717 476 858 502 omnes
896 464 1075 513 equales.
1112 485 1162 490 ——
1198 462 1278 501 Sed
1312 462 1364 501 de
1399 462 1563 511 triginta

151 528 312 565 duobus
353 527 611 576 philosophis
653 526 1015 564 circumstantibus
1056 524 1154 574 quid
1193 524 1368 574 quisque
1407 523 1458 560 de
1496 535 1563 572 po-

154 587 387 625 tentissimo
423 599 515 636 rege
548 585 709 626 dixerit„
744 584 940 623 memorie
974 586 1140 633 longum
1175 586 1237 622 031
1269 583 1475 621 reducere.

614 691 620 696 Π
678 641 800 727 Item
826 644 1025 682 heremita
1049 644 1320 693 philosophus
1344 643 1421 680 1100
1444 642 1567 680 1110ᾶο

169 676 620 773 ΕΧῧωΡ1“ΧΧ.ΧΙῪ’
742 705 933 743 uersibus
976 716 1094 742 suam
1135 703 1312 742 correxit
1365 703 1567 740 animam:
1602 706 1645 738 10

285 748 308 774 θ
338 736 554 802 herefmta
650 764 798 801 Anima
836 776 940 810 mea,
980 764 1087 802 scias
1126 765 1164 801 01
1199 774 1436 812 cognoscas,
1474 762 1571 799 dum

180 807 303 833 suam
348 796 598 862 Cprmgente
652 824 841 872 potencia
867 826 928 862 est
950 824 992 861 in
1014 835 1139 861 manu
1164 826 1244 863 tua,
1270 822 1367 872 quid
1391 821 1572 870 opereris

307 866 507 892 ammam'
652 886 873 932 antequam
901 884 951 920 de
978 886 1049 921 tuo
1077 883 1282 921 monearis
1310 883 1400 920 1000
1429 881 1480 920 ad
1506 882 1572 919 do-

154 954 268 980 mum
294 942 343 980 ’111
375 954 456 992 qua
488 945 628 980 manet
658 943 823 981 iusticia
855 946 895 980 01
926 943 977 980 ad
1009 946 1168 992 portam
1199 942 1278 980 loci
1311 941 1464 987 iudicii,
1496 941 1568 979 ubi

154 1002 263 1051 leges
300 1002 343 1039 in
378 1002 510 1040 rotulo
547 1002 740 1052 quicquid
774 1005 846 1040 tua
880 1014 1029 1040 manus
1065 1002 1191 1051 egerit
1225 1001 1268 1039 in
1300 1001 1377 1039 hoc
1414 1002 1565 1039 seculo.
1604 1004 1646 1037 15

154 1062 202 1099 Et
243 1061 378 1110 angeli
415 1062 466 1099 de
507 1063 594 1100 celo
634 1075 657 1099 a
696 1062 875 1100 dexteris
917 1066 956 1100 et
996 1075 1019 1100 a
1046 1062 1223 1100 sinistris
1264 1061 1568 1110 discooperient

152 1123 190 1158 et
233 1121 535 1159 renunciabunt
576 1122 794 1159 consilium
839 1126 952 1159 tuum
995 1125 1034 1160 et
1075 1121 1269 1171 quicquid
1311 1134 1335 1159 a
1361 1123 1400 1159 te
1441 1121 1565 1158 fuerit

153 1181 437 1229 excogitatum.
486 1181 536 1219 Et
570 1185 664 1219 ante
698 1182 821 1219 (1011111
854 1182 994 1219 11011101
1027 1184 1144 1219 tuum
1177 1181 1374 1219 iudicium
1410 1182 1450 1218 et
1481 1192 1565 1218 una

154 1240 273 1278 lance
307 1241 500 1290 quicquid
533 1241 630 1278 boni
664 1243 703 1279 et
734 1241 816 1278 alia
847 1241 1043 1290 quicquid
1073 1241 1171 1279 mali
1205 1240 1348 1290 egeris,
1382 1240 1454 1278 sed
1484 1252 1568 1278 uno

156 1302 194 1336 et
233 1300 377 1337 eodem
414 1300 690 1338 declarabitur
728 1301 929 1338 examine.
980 1301 1029 1338 Et
1066 1313 1208 1339 omnes
1246 1300 1306 1338 tui
1342 1300 1491 1338 fratres
1530 1302 1569 1338 et
1595 1304 1641 1338 ΞΟ

155 1359 276 1396 amici
320 1372 402 1397 non
444 1360 655 1398 inuenient
694 1363 809 1398 tuam
852 1360 1193 1409 redempcionem,
1238 1362 1278 1398 et
1317 1360 1367 1397 ob
1410 1360 1486 1397 hoc
1528 1362 1568 1397 te

155 1418 346 1457 deserent
379 1421 418 1457 et
450 1420 616 1457 omnino
647 1420 864 1457 dimittent.
908 1420 1038 1458 Hodie
1069 1420 1208 1470 itaque
1240 1420 1569 1468 redempcionem

154 1479 305 1527 accipe,
337 1478 378 1516 id
408 1482 489 1517 est:
518 1479 674 1517 bonum
700 1480 766 1517 fac
795 1479 962 1517 assidue
992 1482 1032 1517 et
1061 1482 1282 1529 antequam
1309 1479 1452 1517 ueniat
1478 1479 1566 1516 dies

154 1538 508 1585 summonicionis‚
536 1539 586 1576 ad
612 1539 735 1577 deum
760 1542 964 1578 reuertere
989 1542 1029 1577 et
1052 1551 1134 1577 non
1158 1539 1294 1577 dicas:
1321 1552 1411 1576 cras
1436 1551 1568 1577 reuer-

158 1599 222 1634 tar
245 1599 286 1635 et
308 1610 392 1635 non
415 1599 622 1641 morabor,
649 1599 749 1648 quia
773 1598 833 1636 sic
857 1598 1160 1636 crastinantem
1184 1600 1223 1636 10
1247 1599 1452 1648 impediet
1474 1610 1567 1636 con-
1600 1604 1644 1637 25

153 1656 415 1704 cupiscencia
437 1657 504 1694 uel
526 1657 668 1695 forsan
690 1657 882 1695 retinebit
903 1658 990 1695 dies
1013 1661 1207 1696 extrema.
1243 1658 1385 1706 Itaque
1408 1657 1568 1695 dierum

153 1716 282 1753 seculi
323 1716 586 1754 reminiscere
628 1719 666 1754 01
705 1717 1022 1767 generacionum
1062 1729 1265 1755 annorum
1303 1717 1568 1766 antiquorum

156 1775 226 1824 qui
264 1788 405 1814 omnes
444 1777 708 1823 transierunt,
748 1779 787 1814 et
823 1777 917 1814 inde
955 1777 1095 1826 accipe
1130 1788 1311 1815 sensum.
1361 1777 1437 1815 Vbi
1474 1779 1571 1815 sunt

157 1846 283 1883 reges,
304 1835 375 1873 vbi
393 1836 612 1884 principes,
632 1836 701 1873 vbi
721 1837 869 1874 diuites
891 1837 959 1886 qui
979 1837 1197 1875 thesauros
1219 1839 1571 1885 congregauerunt

158 1895 197 1931 01
225 1894 319 1932 inde
347 1896 513 1944 superbi
540 1896 736 1934 fuerunt?
776 1896 897 1933 Modo
925 1899 1022 1934 sunt
1049 1896 1156 1934 sicut
1184 1897 1252 1946 qui
1282 1908 1364 1934 non
1391 1896 1569 1938 fuerunt,
1601 1903 1647 1936 30

157 1953 280 1991 modo
304 1957 400 1992 sunt
420 1954 525 1992 finiti
549 1956 655 1994 sicut
678 1956 747 2005 qui
770 1968 852 1993 non
874 1955 1080 2001 uixerunt,
1104 1956 1226 1993 modo
1250 1958 1346 1993 sunt
1369 1956 1474 1993 sicut
1496 1956 1571 1994 flos

165 2011 235 2060 qui
263 2011 315 2049 (10
346 2012 490 2050 arbore
520 2013 668 2051 cecidit
698 2026 778 2063 quo
807 2014 980 2052 ulterius
1012 2026 1095 2052 non
1125 2014 1237 2051 redit.
1293 2014 1386 2052 Non
1415 2014 1574 2061 timeas,

162 2072 300 2110 anima
343 2084 446 2119 mea,
490 2086 573 2112 non
614 2075 760 2112 timeas
804 2075 946 2121 nimis;
988 2075 1040 2113 de
1081 2075 1208 2113 seculi
1251 2075 1574 2114 aduersitatibus

159 2143 242 2168 non
285 2132 440 2170 oriatur
479 2133 602 2171 timor
644 2135 759 2172 1111131
814 2134 929 2172 Τ11110
970 2134 1028 2172 1111
1068 2134 1178 2172 diem
1220 2134 1373 2181 iudicii,
1415 2147 1572 2184 paueas

159 2193 324 2229 tuorum
362 2192 669 2230 multitudinem
705 2195 987 2242 peccatorum!
1038 2194 1244 2232 Memento
1280 2194 1339 2232 tui
1376 2194 1573 2234 creatoris
1604 2202 1650 2235 35

166 2249 237 2299 qui
272 2253 370 2289 tuus
406 2251 535 2289 iudex
570 2254 634 2290 est
668 2255 710 2290 et
744 2252 886 2290 testis!

712 2311 922 2349 Heremita
949 2312 1117 2361 quidam
1142 2312 1323 2362 quesiuit
1348 2326 1372 2351 a
1397 2313 1578 2363 quodam

652 2371 869 2419 magistro:
911 2371 1015 2420 Quid
1052 2372 1204 2410 faciam
1241 2372 1283 2410 in
1319 2373 1396 2411 hoc
1435 2374 1576 2412 seculo

654 2430 762 2479 quod
798 2443 864 2468 me
898 2431 1092 2479 precedat
1125 2431 1168 2469 in
1202 2432 1313 2470 alio‘?
1360 2433 1574 2482 Magister:

160 2485 240 2524 Fac
271 2486 380 2536 quod
411 2490 472 2525 est
499 2487 653 2526 bonum
682 2489 724 2526 in
753 2502 900 2538 genere
927 2491 1019 2528 tuo!
1050 2513 1100 2517 —
1129 2491 1245 2530 Alius
1274 2492 1475 2530 heremita
1503 2505 1575 2541 per
1603 2501 1648 2533 40

159 2544 275 2583 uicos
311 2547 537 2584 clamabat:
573 2547 633 2585 Ne
665 2549 838 2587 tradatis
873 2550 1072 2587 obliuioni
1105 2550 1310 2589 durabilia
1342 2564 1415 2600 pro
1450 2551 1575 2589 finem

229 2624 416 2659 Sammlung
435 2627 743 2655 mittellateinischer
761 2629 867 2656 Texte.
908 2629 933 2656 1.
1433 2634 1448 2658 4

204 2340 266 2377 De
299 2340 399 2378 aliis
430 2340 612 2379 heremi-

249 2400 393 2437 tarum
425 2394 570 2438 dictis.
