<?xml version="1.0" encoding="UTF-8"?>
<!DOCTYPE html PUBLIC "-//W3C//DTD XHTML 1.0 Transitional//EN"
    "http://www.w3.org/TR/xhtml1/DTD/xhtml1-transitional.dtd">
<html xmlns="http://www.w3.org/1999/xhtml" xml:lang="en" lang="en">
 <head>
  <title>
</title>
<meta http-equiv="Content-Type" content="text/html;charset=utf-8" />
  <meta name='ocr-system' content='tesseract 3.04.00' />
  <meta name='ocr-capabilities' content='ocr_page ocr_carea ocr_par ocr_line ocrx_word'/>
</head>
<body>
  <div class='ocr_page' id='page_1' title='image "./diedisciplinacle00petruoft_0025.png"; bbox 0 0 1846 2857; ppageno 0'>
   <div class='ocr_carea' id='block_1_1' title="bbox 863 102 878 109">
    <p class='ocr_par' dir='ltr' id='par_1_1' title="bbox 863 102 878 109">
     <span class='ocr_line' id='line_1_1' title="bbox 863 102 878 109; baseline 0 0"><span class='ocrx_word' id='word_1_1' title='bbox 863 102 878 109; x_wconf 70' lang='lat'>.-</span> 
     </span>
    </p>
   </div>
   <div class='ocr_carea' id='block_1_2' title="bbox 748 114 994 138">
    <p class='ocr_par' dir='ltr' id='par_1_2' title="bbox 748 114 994 138">
     <span class='ocr_line' id='line_1_2' title="bbox 748 114 994 138; baseline -0.004 -11"><span class='ocrx_word' id='word_1_2' title='bbox 748 114 994 138; x_wconf 72' lang='lat' dir='ltr'>—o—</span> 
     </span>
    </p>
   </div>
   <div class='ocr_carea' id='block_1_3' title="bbox 156 219 1580 1341">
    <p class='ocr_par' dir='ltr' id='par_1_3' title="bbox 156 219 1580 1341">
     <span class='ocr_line' id='line_1_3' title="bbox 160 219 1580 269; baseline -0.002 -10"><span class='ocrx_word' id='word_1_3' title='bbox 160 221 268 260; x_wconf 89' lang='lat' dir='ltr'>sicut</span> <span class='ocrx_word' id='word_1_4' title='bbox 307 223 346 259; x_wconf 89' lang='lat' dir='ltr'>et</span> <span class='ocrx_word' id='word_1_5' title='bbox 380 221 538 269; x_wconf 77' lang='lat' dir='ltr'>priores</span> <span class='ocrx_word' id='word_1_6' title='bbox 577 220 744 258; x_wconf 87' lang='lat' dir='ltr'>omnino</span> <span class='ocrx_word' id='word_1_7' title='bbox 781 220 959 269; x_wconf 78' lang='lat' dir='ltr'>reppulit</span> <span class='ocrx_word' id='word_1_8' title='bbox 995 223 1117 269; x_wconf 84' lang='lat' dir='ltr'>atque</span> <span class='ocrx_word' id='word_1_9' title='bbox 1153 219 1343 268; x_wconf 74' lang='lat' dir='ltr'>neglexit.</span> <span class='ocrx_word' id='word_1_10' title='bbox 1392 219 1580 256; x_wconf 82' lang='lat' dir='ltr'>Habebat</span> 
     </span>
     <span class='ocr_line' id='line_1_4' title="bbox 162 278 1577 329; baseline -0.002 -11"><span class='ocrx_word' id='word_1_11' title='bbox 162 283 299 319; x_wconf 85' lang='lat' dir='ltr'>autem</span> <span class='ocrx_word' id='word_1_12' title='bbox 337 280 530 318; x_wconf 90' lang='lat' dir='ltr'>dominus</span> <span class='ocrx_word' id='word_1_13' title='bbox 570 280 778 329; x_wconf 87' lang='lat' dir='ltr'>quandam</span> <span class='ocrx_word' id='word_1_14' title='bbox 816 280 996 317; x_wconf 89' lang='lat' dir='ltr'>nobilem</span> <span class='ocrx_word' id='word_1_15' title='bbox 1033 279 1213 328; x_wconf 76' lang='lat' dir='ltr'>puellam</span> <span class='ocrx_word' id='word_1_16' title='bbox 1251 278 1293 316; x_wconf 89' lang='lat' dir='ltr'>in</span> <span class='ocrx_word' id='word_1_17' title='bbox 1328 278 1451 316; x_wconf 86' lang='lat' dir='ltr'>domo</span> <span class='ocrx_word' id='word_1_18' title='bbox 1490 291 1577 323; x_wconf 69' lang='lat' dir='ltr'>sua,</span> 
     </span>
     <span class='ocr_line' id='line_1_5' title="bbox 162 338 1576 389; baseline -0.003 -11"><span class='ocrx_word' id='word_1_19' title='bbox 162 352 286 389; x_wconf 87' lang='lat' dir='ltr'>quam</span> <span class='ocrx_word' id='word_1_20' title='bbox 327 340 408 377; x_wconf 87' lang='lat' dir='ltr'>iam</span> <span class='ocrx_word' id='word_1_21' title='bbox 448 340 519 377; x_wconf 89' lang='lat' dir='ltr'>diu</span> <span class='ocrx_word' id='word_1_22' title='bbox 561 340 811 378; x_wconf 86' lang='lat' dir='ltr'>educauerat</span> <span class='ocrx_word' id='word_1_23' title='bbox 846 341 892 377; x_wconf 90' lang='lat' dir='ltr'>ut</span> <span class='ocrx_word' id='word_1_24' title='bbox 931 351 1022 376; x_wconf 87' lang='lat' dir='ltr'>eam</span> <span class='ocrx_word' id='word_1_25' title='bbox 1061 339 1266 387; x_wconf 84' lang='lat' dir='ltr'>acciperet</span> <span class='ocrx_word' id='word_1_26' title='bbox 1304 338 1346 375; x_wconf 91' lang='lat' dir='ltr'>in</span> <span class='ocrx_word' id='word_1_27' title='bbox 1384 349 1576 383; x_wconf 80' lang='lat' dir='ltr'>uxorem;</span> 
     </span>
     <span class='ocr_line' id='line_1_6' title="bbox 164 396 1578 447; baseline -0.002 -12"><span class='ocrx_word' id='word_1_28' title='bbox 164 410 288 447; x_wconf 88' lang='lat' dir='ltr'>quam</span> <span class='ocrx_word' id='word_1_29' title='bbox 323 400 362 436; x_wconf 90' lang='lat' dir='ltr'>et</span> <span class='ocrx_word' id='word_1_30' title='bbox 397 397 574 435; x_wconf 80' lang='lat' dir='ltr'>ostendit</span> <span class='ocrx_word' id='word_1_31' title='bbox 609 398 656 435; x_wconf 89' lang='lat' dir='ltr'>ei.</span> <span class='ocrx_word' id='word_1_32' title='bbox 715 397 817 446; x_wconf 84' lang='lat' dir='ltr'>Eger</span> <span class='ocrx_word' id='word_1_33' title='bbox 847 408 948 434; x_wconf 87' lang='lat' dir='ltr'>uero</span> <span class='ocrx_word' id='word_1_34' title='bbox 983 399 1151 445; x_wconf 87' lang='lat' dir='ltr'>aspecta</span> <span class='ocrx_word' id='word_1_35' title='bbox 1184 397 1261 433; x_wconf 89' lang='grc'>1130</span> <span class='ocrx_word' id='word_1_36' title='bbox 1296 396 1372 433; x_wconf 86' lang='grc'>311;</span> <span class='ocrx_word' id='word_1_37' title='bbox 1408 396 1468 433; x_wconf 76' lang='lat' dir='ltr'>Ex</span> <span class='ocrx_word' id='word_1_38' title='bbox 1502 396 1578 433; x_wconf 85' lang='lat' dir='ltr'>hac</span> 
     </span>
     <span class='ocr_line' id='line_1_7' title="bbox 162 456 1579 506; baseline -0.002 -10"><span class='ocrx_word' id='word_1_39' title='bbox 162 461 224 496; x_wconf 86' lang='lat' dir='ltr'>est</span> <span class='ocrx_word' id='word_1_40' title='bbox 253 458 378 496; x_wconf 87' lang='lat' dir='ltr'>michi</span> <span class='ocrx_word' id='word_1_41' title='bbox 407 471 517 496; x_wconf 90' lang='lat' dir='ltr'>mors</span> <span class='ocrx_word' id='word_1_42' title='bbox 547 461 586 496; x_wconf 87' lang='lat' dir='ltr'>et</span> <span class='ocrx_word' id='word_1_43' title='bbox 614 459 655 495; x_wconf 92' lang='lat' dir='ltr'>in</span> <span class='ocrx_word' id='word_1_44' title='bbox 683 459 759 496; x_wconf 89' lang='lat' dir='ltr'>hac</span> <span class='ocrx_word' id='word_1_45' title='bbox 789 461 851 495; x_wconf 90' lang='lat' dir='ltr'>est</span> <span class='ocrx_word' id='word_1_46' title='bbox 879 458 1003 495; x_wconf 88' lang='lat' dir='ltr'>michi</span> <span class='ocrx_word' id='word_1_47' title='bbox 1031 458 1136 495; x_wconf 88' lang='lat' dir='ltr'>uita!</span> <span class='ocrx_word' id='word_1_48' title='bbox 1180 457 1270 506; x_wconf 86' lang='lat' dir='ltr'>Quo</span> <span class='ocrx_word' id='word_1_49' title='bbox 1298 457 1439 494; x_wconf 87' lang='lat' dir='ltr'>audito</span> <span class='ocrx_word' id='word_1_50' title='bbox 1467 456 1579 494; x_wconf 87' lang='lat' dir='ltr'>dedit</span> 
     </span>
     <span class='ocr_line' id='line_1_8' title="bbox 161 517 1577 566; baseline -0.002 -11"><span class='ocrx_word' id='word_1_51' title='bbox 161 518 197 556; x_wconf 93' lang='lat' dir='ltr'>ei</span> <span class='ocrx_word' id='word_1_52' title='bbox 229 518 408 566; x_wconf 76' lang='lat' dir='ltr'>puellam</span> <span class='ocrx_word' id='word_1_53' title='bbox 439 518 618 556; x_wconf 86' lang='lat' dir='ltr'>nobilem</span> <span class='ocrx_word' id='word_1_54' title='bbox 647 518 688 555; x_wconf 90' lang='lat' dir='ltr'>in</span> <span class='ocrx_word' id='word_1_55' title='bbox 716 529 887 555; x_wconf 86' lang='lat' dir='ltr'>uxorem</span> <span class='ocrx_word' id='word_1_56' title='bbox 915 529 1008 555; x_wconf 89' lang='lat' dir='ltr'>cum</span> <span class='ocrx_word' id='word_1_57' title='bbox 1040 517 1230 555; x_wconf 89' lang='lat' dir='ltr'>omnibus</span> <span class='ocrx_word' id='word_1_58' title='bbox 1261 529 1340 566; x_wconf 84' lang='lat' dir='ltr'>que</span> <span class='ocrx_word' id='word_1_59' title='bbox 1369 519 1457 554; x_wconf 85' lang='lat' dir='ltr'>erat</span> <span class='ocrx_word' id='word_1_60' title='bbox 1483 528 1577 553; x_wconf 81' lang='lat' dir='ltr'>cum</span> 
     </span>
     <span class='ocr_line' id='line_1_9' title="bbox 161 575 1576 626; baseline -0.003 -11"><span class='ocrx_word' id='word_1_61' title='bbox 161 590 210 615; x_wconf 88' lang='lat' dir='ltr'>ea</span> <span class='ocrx_word' id='word_1_62' title='bbox 249 580 503 625; x_wconf 88' lang='lat' dir='ltr'>accepturus.</span> <span class='ocrx_word' id='word_1_63' title='bbox 555 578 604 614; x_wconf 88' lang='lat' dir='ltr'>Et</span> <span class='ocrx_word' id='word_1_64' title='bbox 638 580 825 625; x_wconf 87' lang='lat' dir='ltr'>preterea</span> <span class='ocrx_word' id='word_1_65' title='bbox 859 576 972 614; x_wconf 86' lang='lat' dir='ltr'>dedit</span> <span class='ocrx_word' id='word_1_66' title='bbox 1008 577 1043 614; x_wconf 91' lang='lat' dir='ltr'>ei</span> <span class='ocrx_word' id='word_1_67' title='bbox 1082 589 1131 613; x_wconf 85' lang='lat' dir='ltr'>ea</span> <span class='ocrx_word' id='word_1_68' title='bbox 1167 588 1246 626; x_wconf 83' lang='lat' dir='ltr'>que</span> <span class='ocrx_word' id='word_1_69' title='bbox 1283 578 1371 614; x_wconf 83' lang='lat' dir='ltr'>erat</span> <span class='ocrx_word' id='word_1_70' title='bbox 1405 575 1576 613; x_wconf 83' lang='lat' dir='ltr'>daturus</span> 
     </span>
     <span class='ocr_line' id='line_1_10' title="bbox 162 634 1579 684; baseline -0.002 -11"><span class='ocrx_word' id='word_1_71' title='bbox 162 636 312 684; x_wconf 87' lang='lat' dir='ltr'>puelle,</span> <span class='ocrx_word' id='word_1_72' title='bbox 340 636 374 672; x_wconf 89' lang='lat' dir='ltr'>si</span> <span class='ocrx_word' id='word_1_73' title='bbox 403 648 493 673; x_wconf 86' lang='lat' dir='ltr'>eam</span> <span class='ocrx_word' id='word_1_74' title='bbox 521 635 725 684; x_wconf 89' lang='lat' dir='ltr'>acciperet</span> <span class='ocrx_word' id='word_1_75' title='bbox 749 635 791 672; x_wconf 92' lang='lat' dir='ltr'>in</span> <span class='ocrx_word' id='word_1_76' title='bbox 816 646 1000 672; x_wconf 80' lang='lat' dir='ltr'>uxorem.</span> <span class='ocrx_word' id='word_1_77' title='bbox 1040 634 1127 672; x_wconf 89' lang='lat' dir='ltr'>Hiis</span> <span class='ocrx_word' id='word_1_78' title='bbox 1155 634 1383 683; x_wconf 82' lang='lat' dir='ltr'>completis,</span> <span class='ocrx_word' id='word_1_79' title='bbox 1412 638 1579 682; x_wconf 88' lang='lat' dir='ltr'>accepta</span> 
     </span>
     <span class='ocr_line' id='line_1_11' title="bbox 158 694 1578 746; baseline -0.002 -12"><span class='ocrx_word' id='word_1_80' title='bbox 158 709 289 734; x_wconf 84' lang='lat' dir='ltr'>uxore</span> <span class='ocrx_word' id='word_1_81' title='bbox 324 709 418 734; x_wconf 90' lang='grc'>011111</span> <span class='ocrx_word' id='word_1_82' title='bbox 452 697 531 734; x_wconf 89' lang='grc'>11113</span> <span class='ocrx_word' id='word_1_83' title='bbox 566 709 645 746; x_wconf 90' lang='lat' dir='ltr'>que</span> <span class='ocrx_word' id='word_1_84' title='bbox 677 708 770 734; x_wconf 90' lang='lat' dir='ltr'>cum</span> <span class='ocrx_word' id='word_1_85' title='bbox 803 708 932 733; x_wconf 82' lang='lat' dir='ltr'>uxore</span> <span class='ocrx_word' id='word_1_86' title='bbox 966 698 1181 744; x_wconf 86' lang='lat' dir='ltr'>acceperat</span> <span class='ocrx_word' id='word_1_87' title='bbox 1215 698 1255 733; x_wconf 90' lang='lat' dir='ltr'>et</span> <span class='ocrx_word' id='word_1_88' title='bbox 1288 694 1578 744; x_wconf 79' lang='lat' dir='ltr'>negociacione</span> 
     </span>
     <span class='ocr_line' id='line_1_12' title="bbox 158 754 1577 805; baseline -0.001 -12"><span class='ocrx_word' id='word_1_89' title='bbox 158 757 269 794; x_wconf 87' lang='lat' dir='ltr'>facta</span> <span class='ocrx_word' id='word_1_90' title='bbox 297 756 417 794; x_wconf 90' lang='lat' dir='ltr'>rediit</span> <span class='ocrx_word' id='word_1_91' title='bbox 442 755 485 794; x_wconf 87' lang='lat' dir='ltr'>in</span> <span class='ocrx_word' id='word_1_92' title='bbox 508 756 695 805; x_wconf 85' lang='lat' dir='ltr'>patriam.</span> <span class='ocrx_word' id='word_1_93' title='bbox 722 778 772 781; x_wconf 94' lang='lat'>-—</span> <span class='ocrx_word' id='word_1_94' title='bbox 798 755 975 804; x_wconf 82' lang='lat' dir='ltr'>Contigit</span> <span class='ocrx_word' id='word_1_95' title='bbox 1002 758 1138 792; x_wconf 87' lang='lat' dir='ltr'>autem</span> <span class='ocrx_word' id='word_1_96' title='bbox 1165 757 1259 803; x_wconf 86' lang='lat' dir='ltr'>post</span> <span class='ocrx_word' id='word_1_97' title='bbox 1283 755 1357 792; x_wconf 90' lang='lat' dir='ltr'>hec</span> <span class='ocrx_word' id='word_1_98' title='bbox 1383 758 1426 791; x_wconf 90' lang='lat' dir='ltr'>ut</span> <span class='ocrx_word' id='word_1_99' title='bbox 1453 754 1577 803; x_wconf 72' lang='lat' dir='ltr'>Egyp-</span> 
     </span>
     <span class='ocr_line' id='line_1_13' title="bbox 159 813 1577 863; baseline -0.001 -10"><span class='ocrx_word' id='word_1_100' title='bbox 159 816 297 854; x_wconf 88' lang='lat' dir='ltr'>ciacus</span> <span class='ocrx_word' id='word_1_101' title='bbox 328 816 467 854; x_wconf 87' lang='lat' dir='ltr'>onmia</span> <span class='ocrx_word' id='word_1_102' title='bbox 492 828 568 854; x_wconf 87' lang='lat' dir='ltr'>sua</span> <span class='ocrx_word' id='word_1_103' title='bbox 594 815 732 853; x_wconf 87' lang='lat' dir='ltr'>multis</span> <span class='ocrx_word' id='word_1_104' title='bbox 758 815 891 853; x_wconf 89' lang='lat' dir='ltr'>modis</span> <span class='ocrx_word' id='word_1_105' title='bbox 917 815 1135 860; x_wconf 83' lang='lat' dir='ltr'>amitteret,</span> <span class='ocrx_word' id='word_1_106' title='bbox 1164 818 1204 852; x_wconf 85' lang='lat' dir='ltr'>et</span> <span class='ocrx_word' id='word_1_107' title='bbox 1229 826 1385 863; x_wconf 78' lang='lat' dir='ltr'>pauper</span> <span class='ocrx_word' id='word_1_108' title='bbox 1410 813 1577 852; x_wconf 84' lang='lat' dir='ltr'>effectus</span> 
     </span>
     <span class='ocr_line' id='line_1_14' title="bbox 158 873 1574 924; baseline -0.002 -11"><span class='ocrx_word' id='word_1_109' title='bbox 158 875 355 924; x_wconf 81' lang='lat' dir='ltr'>cogitauit</span> <span class='ocrx_word' id='word_1_110' title='bbox 389 875 497 924; x_wconf 88' lang='lat' dir='ltr'>apud</span> <span class='ocrx_word' id='word_1_111' title='bbox 530 888 576 913; x_wconf 88' lang='lat' dir='ltr'>se</span> <span class='ocrx_word' id='word_1_112' title='bbox 607 875 716 924; x_wconf 79' lang='lat' dir='ltr'>quod</span> <span class='ocrx_word' id='word_1_113' title='bbox 749 875 826 912; x_wconf 89' lang='lat' dir='ltr'>iret</span> <span class='ocrx_word' id='word_1_114' title='bbox 856 874 1038 912; x_wconf 87' lang='lat' dir='ltr'>Baldach</span> <span class='ocrx_word' id='word_1_115' title='bbox 1071 875 1123 911; x_wconf 85' lang='lat' dir='ltr'>ad</span> <span class='ocrx_word' id='word_1_116' title='bbox 1155 874 1334 912; x_wconf 84' lang='lat' dir='ltr'>amicum</span> <span class='ocrx_word' id='word_1_117' title='bbox 1367 886 1489 923; x_wconf 81' lang='lat' dir='ltr'>quem</span> <span class='ocrx_word' id='word_1_118' title='bbox 1522 873 1574 910; x_wconf 87' lang='lat' dir='ltr'>ibi</span> 
     </span>
     <span class='ocr_line' id='line_1_15' title="bbox 158 933 1576 983; baseline -0.001 -11"><span class='ocrx_word' id='word_1_119' title='bbox 158 935 350 980; x_wconf 87' lang='lat' dir='ltr'>habebat,</span> <span class='ocrx_word' id='word_1_120' title='bbox 384 937 431 972; x_wconf 89' lang='lat' dir='ltr'>ut</span> <span class='ocrx_word' id='word_1_121' title='bbox 463 935 526 972; x_wconf 91' lang='lat' dir='ltr'>sui</span> <span class='ocrx_word' id='word_1_122' title='bbox 559 935 833 972; x_wconf 74' lang='lat' dir='ltr'>misereretur.</span> <span class='ocrx_word' id='word_1_123' title='bbox 880 935 960 972; x_wconf 90' lang='lat' dir='ltr'>Iter</span> <span class='ocrx_word' id='word_1_124' title='bbox 992 946 1086 983; x_wconf 77' lang='lat' dir='ltr'>ergo</span> <span class='ocrx_word' id='word_1_125' title='bbox 1120 933 1253 971; x_wconf 90' lang='lat' dir='ltr'>nudus</span> <span class='ocrx_word' id='word_1_126' title='bbox 1289 936 1327 970; x_wconf 91' lang='lat' dir='ltr'>et</span> <span class='ocrx_word' id='word_1_127' title='bbox 1358 933 1576 971; x_wconf 84' lang='lat' dir='ltr'>famelicus</span> 
     </span>
     <span class='ocr_line' id='line_1_16' title="bbox 160 992 1574 1043; baseline -0.002 -11"><span class='ocrx_word' id='word_1_128' title='bbox 160 994 332 1042; x_wconf 78' lang='lat' dir='ltr'>arripuit</span> <span class='ocrx_word' id='word_1_129' title='bbox 365 997 486 1043; x_wconf 88' lang='lat' dir='ltr'>atque</span> <span class='ocrx_word' id='word_1_130' title='bbox 519 994 699 1032; x_wconf 86' lang='lat' dir='ltr'>Baldach</span> <span class='ocrx_word' id='word_1_131' title='bbox 732 994 976 1042; x_wconf 81' lang='lat' dir='ltr'>intempeste</span> <span class='ocrx_word' id='word_1_132' title='bbox 1008 994 1139 1031; x_wconf 89' lang='lat' dir='ltr'>noctis</span> <span class='ocrx_word' id='word_1_133' title='bbox 1172 993 1344 1031; x_wconf 76' lang='lat' dir='ltr'>silencio</span> <span class='ocrx_word' id='word_1_134' title='bbox 1375 992 1574 1041; x_wconf 87' lang='lat' dir='ltr'>peruenit.</span> 
     </span>
     <span class='ocr_line' id='line_1_17' title="bbox 158 1052 1577 1099; baseline -0.001 -8"><span class='ocrx_word' id='word_1_135' title='bbox 158 1054 294 1091; x_wconf 84' lang='lat' dir='ltr'>Pudor</span> <span class='ocrx_word' id='word_1_136' title='bbox 326 1056 465 1091; x_wconf 87' lang='lat' dir='ltr'>autem</span> <span class='ocrx_word' id='word_1_137' title='bbox 495 1054 532 1091; x_wconf 90' lang='lat' dir='ltr'>ei</span> <span class='ocrx_word' id='word_1_138' title='bbox 563 1054 755 1091; x_wconf 80' lang='lat' dir='ltr'>obstabat</span> <span class='ocrx_word' id='word_1_139' title='bbox 784 1066 835 1091; x_wconf 88' lang='lat' dir='ltr'>ne</span> <span class='ocrx_word' id='word_1_140' title='bbox 864 1054 1033 1091; x_wconf 88' lang='lat' dir='ltr'>domum</span> <span class='ocrx_word' id='word_1_141' title='bbox 1064 1053 1185 1091; x_wconf 88' lang='lat' dir='ltr'>amici</span> <span class='ocrx_word' id='word_1_142' title='bbox 1218 1053 1360 1099; x_wconf 88' lang='lat' dir='ltr'>adiret,</span> <span class='ocrx_word' id='word_1_143' title='bbox 1392 1065 1443 1090; x_wconf 89' lang='lat' dir='ltr'>ne</span> <span class='ocrx_word' id='word_1_144' title='bbox 1472 1052 1577 1090; x_wconf 85' lang='lat' dir='ltr'>forte</span> 
     </span>
     <span class='ocr_line' id='line_1_18' title="bbox 158 1113 1576 1162; baseline -0.001 -12"><span class='ocrx_word' id='word_1_145' title='bbox 158 1113 389 1162; x_wconf 81' lang='lat' dir='ltr'>incognitus</span> <span class='ocrx_word' id='word_1_146' title='bbox 426 1113 497 1150; x_wconf 86' lang='lat' dir='ltr'>tali</span> <span class='ocrx_word' id='word_1_147' title='bbox 530 1116 714 1161; x_wconf 88' lang='lat' dir='ltr'>tempore</span> <span class='ocrx_word' id='word_1_148' title='bbox 747 1113 870 1151; x_wconf 89' lang='lat' dir='ltr'>domo</span> <span class='ocrx_word' id='word_1_149' title='bbox 905 1113 1187 1162; x_wconf 78' lang='lat' dir='ltr'>expelleretur.</span> <span class='ocrx_word' id='word_1_150' title='bbox 1234 1113 1447 1161; x_wconf 89' lang='lat' dir='ltr'>Templum</span> <span class='ocrx_word' id='word_1_151' title='bbox 1483 1124 1576 1160; x_wconf 77' lang='lat' dir='ltr'>ergo</span> 
     </span>
     <span class='ocr_line' id='line_1_19' title="bbox 157 1171 1577 1222; baseline -0.001 -12"><span class='ocrx_word' id='word_1_152' title='bbox 157 1173 365 1222; x_wconf 87' lang='lat' dir='ltr'>quoddam</span> <span class='ocrx_word' id='word_1_153' title='bbox 411 1173 628 1222; x_wconf 84' lang='lat' dir='ltr'>antiquum</span> <span class='ocrx_word' id='word_1_154' title='bbox 672 1173 843 1210; x_wconf 87' lang='lat' dir='ltr'>intrauit</span> <span class='ocrx_word' id='word_1_155' title='bbox 885 1176 931 1210; x_wconf 88' lang='lat' dir='ltr'>ut</span> <span class='ocrx_word' id='word_1_156' title='bbox 972 1173 1125 1210; x_wconf 85' lang='lat' dir='ltr'>ibidem</span> <span class='ocrx_word' id='word_1_157' title='bbox 1168 1175 1439 1221; x_wconf 85' lang='lat' dir='ltr'>pernoctaret.</span> <span class='ocrx_word' id='word_1_158' title='bbox 1496 1171 1577 1209; x_wconf 83' lang='lat' dir='ltr'>Sed</span> 
     </span>
     <span class='ocr_line' id='line_1_20' title="bbox 157 1232 1578 1278; baseline -0.001 -9"><span class='ocrx_word' id='word_1_159' title='bbox 157 1244 252 1270; x_wconf 83' lang='lat' dir='ltr'>curn</span> <span class='ocrx_word' id='word_1_160' title='bbox 297 1232 354 1270; x_wconf 89' lang='lat' dir='ltr'>ibi</span> <span class='ocrx_word' id='word_1_161' title='bbox 399 1232 549 1270; x_wconf 84' lang='lat' dir='ltr'>anxius</span> <span class='ocrx_word' id='word_1_162' title='bbox 594 1233 724 1270; x_wconf 86' lang='lat' dir='ltr'>multa</span> <span class='ocrx_word' id='word_1_163' title='bbox 768 1244 907 1270; x_wconf 89' lang='lat' dir='ltr'>secum</span> <span class='ocrx_word' id='word_1_164' title='bbox 951 1232 1022 1270; x_wconf 89' lang='lat' dir='ltr'>diu</span> <span class='ocrx_word' id='word_1_165' title='bbox 1064 1232 1265 1278; x_wconf 84' lang='lat' dir='ltr'>uolueret,</span> <span class='ocrx_word' id='word_1_166' title='bbox 1312 1234 1578 1269; x_wconf 88' lang='lat' dir='ltr'>occurrerunt</span> 
     </span>
     <span class='ocr_line' id='line_1_21' title="bbox 156 1291 1577 1341; baseline -0.001 -12"><span class='ocrx_word' id='word_1_167' title='bbox 156 1291 236 1330; x_wconf 86' lang='lat' dir='ltr'>sibi</span> <span class='ocrx_word' id='word_1_168' title='bbox 262 1292 344 1330; x_wconf 92' lang='lat' dir='ltr'>duo</span> <span class='ocrx_word' id='word_1_169' title='bbox 367 1291 447 1329; x_wconf 89' lang='lat' dir='ltr'>uiri</span> <span class='ocrx_word' id='word_1_170' title='bbox 471 1304 597 1341; x_wconf 88' lang='lat' dir='ltr'>prope</span> <span class='ocrx_word' id='word_1_171' title='bbox 620 1292 819 1340; x_wconf 90' lang='lat' dir='ltr'>templum</span> <span class='ocrx_word' id='word_1_172' title='bbox 844 1292 886 1329; x_wconf 89' lang='lat' dir='ltr'>in</span> <span class='ocrx_word' id='word_1_173' title='bbox 911 1292 1091 1338; x_wconf 84' lang='lat' dir='ltr'>ciuitate,</span> <span class='ocrx_word' id='word_1_174' title='bbox 1118 1303 1293 1341; x_wconf 87' lang='lat' dir='ltr'>quorum</span> <span class='ocrx_word' id='word_1_175' title='bbox 1316 1304 1424 1329; x_wconf 89' lang='lat' dir='ltr'>unus</span> <span class='ocrx_word' id='word_1_176' title='bbox 1450 1291 1577 1328; x_wconf 90' lang='lat' dir='ltr'>alium</span> 
     </span>
    </p>
   </div>
   <div class='ocr_carea' id='block_1_4' title="bbox 158 1351 1614 1401">
    <p class='ocr_par' dir='ltr' id='par_1_4' title="bbox 158 1351 1614 1401">
     <span class='ocr_line' id='line_1_22' title="bbox 158 1351 1614 1401; baseline -0.001 -13"><span class='ocrx_word' id='word_1_177' title='bbox 158 1351 364 1389; x_wconf 84' lang='lat' dir='ltr'>interfecit</span> <span class='ocrx_word' id='word_1_178' title='bbox 403 1352 592 1401; x_wconf 83' lang='lat' dir='ltr'>clamque</span> <span class='ocrx_word' id='word_1_179' title='bbox 631 1352 800 1400; x_wconf 78' lang='lat' dir='ltr'>aufugit.</span> <span class='ocrx_word' id='word_1_180' title='bbox 853 1351 968 1388; x_wconf 85' lang='lat' dir='ltr'>Multi</span> <span class='ocrx_word' id='word_1_181' title='bbox 1008 1363 1102 1400; x_wconf 80' lang='lat' dir='ltr'>ergo</span> <span class='ocrx_word' id='word_1_182' title='bbox 1139 1351 1253 1388; x_wconf 85' lang='lat' dir='ltr'>ciues</span> <span class='ocrx_word' id='word_1_183' title='bbox 1291 1363 1364 1399; x_wconf 86' lang='lat' dir='ltr'>pro</span> <span class='ocrx_word' id='word_1_184' title='bbox 1404 1351 1576 1399; x_wconf 86' lang='lat' dir='ltr'>strepitu</span> <span class='ocrx_word' id='word_1_185' title='bbox 1605 1362 1614 1372; x_wconf 47' lang='lat'>2</span> 
     </span>
    </p>
   </div>
   <div class='ocr_carea' id='block_1_5' title="bbox 155 1410 1576 1638">
    <p class='ocr_par' dir='ltr' id='par_1_5' title="bbox 155 1410 1576 1638">
     <span class='ocr_line' id='line_1_23' title="bbox 156 1410 1575 1464; baseline -0.001 -17"><span class='ocrx_word' id='word_1_186' title='bbox 156 1411 421 1449; x_wconf 80' lang='lat' dir='ltr'>decurrentes</span> <span class='ocrx_word' id='word_1_187' title='bbox 452 1411 711 1449; x_wconf 88' lang='lat' dir='ltr'>interfectum</span> <span class='ocrx_word' id='word_1_188' title='bbox 742 1411 1036 1459; x_wconf 87' lang='lat' dir='ltr'>repperierunt,</span> <span class='ocrx_word' id='word_1_189' title='bbox 1067 1413 1107 1449; x_wconf 90' lang='lat' dir='ltr'>et</span> <span class='ocrx_word' id='word_1_190' title='bbox 1132 1413 1353 1464; x_wconf 73' lang='lat' dir='ltr'>querentes</span> <span class='ocrx_word' id='word_1_191' title='bbox 1384 1410 1575 1459; x_wconf 80' lang='lat' dir='ltr'>quisnam</span> 
     </span>
     <span class='ocr_line' id='line_1_24' title="bbox 157 1470 1576 1519; baseline -0.001 -12"><span class='ocrx_word' id='word_1_192' title='bbox 157 1470 426 1508; x_wconf 79' lang='lat' dir='ltr'>homicidium</span> <span class='ocrx_word' id='word_1_193' title='bbox 464 1474 754 1519; x_wconf 86' lang='lat' dir='ltr'>perpetrasset,</span> <span class='ocrx_word' id='word_1_194' title='bbox 806 1471 1066 1508; x_wconf 85' lang='lat' dir='ltr'>intrauerunt</span> <span class='ocrx_word' id='word_1_195' title='bbox 1116 1471 1313 1518; x_wconf 87' lang='lat' dir='ltr'>templum</span> <span class='ocrx_word' id='word_1_196' title='bbox 1363 1473 1576 1518; x_wconf 86' lang='lat' dir='ltr'>sperantes</span> 
     </span>
     <span class='ocr_line' id='line_1_25' title="bbox 155 1529 1575 1579; baseline 0 -13"><span class='ocrx_word' id='word_1_197' title='bbox 155 1530 406 1567; x_wconf 84' lang='lat' dir='ltr'>homicidam</span> <span class='ocrx_word' id='word_1_198' title='bbox 434 1530 586 1567; x_wconf 89' lang='lat' dir='ltr'>ibidem</span> <span class='ocrx_word' id='word_1_199' title='bbox 613 1530 829 1579; x_wconf 87' lang='lat' dir='ltr'>repperire.</span> <span class='ocrx_word' id='word_1_200' title='bbox 869 1530 1142 1579; x_wconf 74' lang='lat' dir='ltr'>Egypciacum</span> <span class='ocrx_word' id='word_1_201' title='bbox 1167 1542 1267 1567; x_wconf 86' lang='lat' dir='ltr'>uero</span> <span class='ocrx_word' id='word_1_202' title='bbox 1293 1529 1374 1567; x_wconf 91' lang='lat' dir='ltr'>illic</span> <span class='ocrx_word' id='word_1_203' title='bbox 1401 1529 1575 1578; x_wconf 83' lang='lat' dir='ltr'>repperi-</span> 
     </span>
     <span class='ocr_line' id='line_1_26' title="bbox 158 1589 1574 1638; baseline 0 -12"><span class='ocrx_word' id='word_1_204' title='bbox 158 1591 276 1626; x_wconf 90' lang='lat' dir='ltr'>erunt</span> <span class='ocrx_word' id='word_1_205' title='bbox 319 1592 358 1627; x_wconf 89' lang='lat' dir='ltr'>et</span> <span class='ocrx_word' id='word_1_206' title='bbox 397 1589 658 1628; x_wconf 84' lang='lat' dir='ltr'>sciscitantes</span> <span class='ocrx_word' id='word_1_207' title='bbox 700 1590 750 1627; x_wconf 85' lang='lat' dir='ltr'>ab</span> <span class='ocrx_word' id='word_1_208' title='bbox 791 1602 839 1627; x_wconf 92' lang='lat' dir='ltr'>eo</span> <span class='ocrx_word' id='word_1_209' title='bbox 880 1590 1072 1638; x_wconf 87' lang='lat' dir='ltr'>quisnam</span> <span class='ocrx_word' id='word_1_210' title='bbox 1110 1589 1247 1627; x_wconf 88' lang='lat' dir='ltr'>uirum</span> <span class='ocrx_word' id='word_1_211' title='bbox 1288 1589 1574 1635; x_wconf 78' lang='lat' dir='ltr'>interfecisset,</span> 
     </span>
    </p>
   </div>
   <div class='ocr_carea' id='block_1_6' title="bbox 157 1649 1613 1698">
    <p class='ocr_par' dir='ltr' id='par_1_6' title="bbox 157 1649 1613 1698">
     <span class='ocr_line' id='line_1_27' title="bbox 157 1649 1613 1698; baseline -0.001 -12"><span class='ocrx_word' id='word_1_212' title='bbox 157 1649 376 1686; x_wconf 86' lang='lat' dir='ltr'>audierunt</span> <span class='ocrx_word' id='word_1_213' title='bbox 416 1649 467 1686; x_wconf 90' lang='lat' dir='ltr'>ab</span> <span class='ocrx_word' id='word_1_214' title='bbox 506 1649 597 1697; x_wconf 87' lang='lat' dir='ltr'>ipso</span> <span class='ocrx_word' id='word_1_215' title='bbox 636 1649 734 1698; x_wconf 89' lang='lat' dir='ltr'>quia</span> <span class='ocrx_word' id='word_1_216' title='bbox 771 1661 844 1698; x_wconf 80' lang='lat' dir='ltr'>ego</span> <span class='ocrx_word' id='word_1_217' title='bbox 883 1649 998 1686; x_wconf 88' lang='lat' dir='ltr'>illum</span> <span class='ocrx_word' id='word_1_218' title='bbox 1036 1649 1235 1686; x_wconf 79' lang='lat' dir='ltr'>interfeci.</span> <span class='ocrx_word' id='word_1_219' title='bbox 1286 1649 1575 1697; x_wconf 88' lang='lat' dir='ltr'>Paupertatem</span> <span class='ocrx_word' id='word_1_220' title='bbox 1604 1660 1613 1673; x_wconf 42' lang='grc' dir='ltr'>υ</span> 
     </span>
    </p>
   </div>
   <div class='ocr_carea' id='block_1_7' title="bbox 155 1706 1576 1937">
    <p class='ocr_par' dir='ltr' id='par_1_7' title="bbox 155 1706 1576 1937">
     <span class='ocr_line' id='line_1_28' title="bbox 159 1706 1574 1755; baseline 0 -11"><span class='ocrx_word' id='word_1_221' title='bbox 159 1707 268 1745; x_wconf 87' lang='grc'>0111111</span> <span class='ocrx_word' id='word_1_222' title='bbox 291 1719 409 1744; x_wconf 88' lang='grc'>3113111</span> <span class='ocrx_word' id='word_1_223' title='bbox 431 1711 563 1744; x_wconf 85' lang='grc'>1110110</span> <span class='ocrx_word' id='word_1_224' title='bbox 585 1707 732 1744; x_wconf 86' lang='grc'>33110111</span> <span class='ocrx_word' id='word_1_225' title='bbox 754 1707 872 1744; x_wconf 87' lang='lat' dir='ltr'>finire</span> <span class='ocrx_word' id='word_1_226' title='bbox 893 1707 1161 1745; x_wconf 88' lang='lat' dir='ltr'>uehementer</span> <span class='ocrx_word' id='word_1_227' title='bbox 1183 1706 1385 1755; x_wconf 89' lang='lat' dir='ltr'>cupiebat.</span> <span class='ocrx_word' id='word_1_228' title='bbox 1422 1706 1574 1755; x_wconf 87' lang='lat' dir='ltr'>Captus</span> 
     </span>
     <span class='ocr_line' id='line_1_29' title="bbox 155 1767 1576 1817; baseline 0 -13"><span class='ocrx_word' id='word_1_229' title='bbox 155 1767 296 1817; x_wconf 88' lang='lat' dir='ltr'>itaque</span> <span class='ocrx_word' id='word_1_230' title='bbox 335 1770 376 1806; x_wconf 86' lang='lat' dir='ltr'>et</span> <span class='ocrx_word' id='word_1_231' title='bbox 412 1768 693 1806; x_wconf 84' lang='lat' dir='ltr'>incarceratus</span> <span class='ocrx_word' id='word_1_232' title='bbox 733 1772 806 1806; x_wconf 88' lang='lat' dir='ltr'>est.</span> <span class='ocrx_word' id='word_1_233' title='bbox 856 1768 976 1806; x_wconf 88' lang='lat' dir='ltr'>Mane</span> <span class='ocrx_word' id='word_1_234' title='bbox 1016 1772 1153 1806; x_wconf 87' lang='lat' dir='ltr'>autem</span> <span class='ocrx_word' id='word_1_235' title='bbox 1189 1768 1299 1806; x_wconf 84' lang='lat' dir='ltr'>facto</span> <span class='ocrx_word' id='word_1_236' title='bbox 1335 1767 1576 1817; x_wconf 86' lang='lat' dir='ltr'>producitur</span> 
     </span>
     <span class='ocr_line' id='line_1_30' title="bbox 156 1827 1575 1876; baseline 0 -12"><span class='ocrx_word' id='word_1_237' title='bbox 156 1830 252 1864; x_wconf 87' lang='lat' dir='ltr'>ante</span> <span class='ocrx_word' id='word_1_238' title='bbox 292 1827 448 1865; x_wconf 89' lang='lat' dir='ltr'>iudices</span> <span class='ocrx_word' id='word_1_239' title='bbox 491 1830 531 1866; x_wconf 87' lang='lat' dir='ltr'>et</span> <span class='ocrx_word' id='word_1_240' title='bbox 569 1830 700 1866; x_wconf 88' lang='lat' dir='ltr'>morte</span> <span class='ocrx_word' id='word_1_241' title='bbox 738 1827 1066 1876; x_wconf 87' lang='lat' dir='ltr'>condempnatus</span> <span class='ocrx_word' id='word_1_242' title='bbox 1105 1827 1269 1865; x_wconf 89' lang='lat' dir='ltr'>ducitur</span> <span class='ocrx_word' id='word_1_243' title='bbox 1307 1828 1359 1864; x_wconf 89' lang='lat' dir='ltr'>ad</span> <span class='ocrx_word' id='word_1_244' title='bbox 1398 1839 1575 1865; x_wconf 85' lang='lat' dir='ltr'>crucem.</span> 
     </span>
     <span class='ocr_line' id='line_1_31' title="bbox 155 1885 1575 1937; baseline 0.001 -14"><span class='ocrx_word' id='word_1_245' title='bbox 155 1885 271 1924; x_wconf 89' lang='lat' dir='ltr'>Multi</span> <span class='ocrx_word' id='word_1_246' title='bbox 301 1899 403 1924; x_wconf 89' lang='lat' dir='ltr'>uero</span> <span class='ocrx_word' id='word_1_247' title='bbox 432 1887 483 1924; x_wconf 90' lang='lat' dir='ltr'>de</span> <span class='ocrx_word' id='word_1_248' title='bbox 513 1899 626 1925; x_wconf 89' lang='lat' dir='ltr'>more</span> <span class='ocrx_word' id='word_1_249' title='bbox 657 1890 934 1933; x_wconf 84' lang='lat' dir='ltr'>accurrerunt,</span> <span class='ocrx_word' id='word_1_250' title='bbox 966 1899 1141 1937; x_wconf 90' lang='lat' dir='ltr'>quorum</span> <span class='ocrx_word' id='word_1_251' title='bbox 1171 1899 1278 1924; x_wconf 88' lang='lat' dir='ltr'>unus</span> <span class='ocrx_word' id='word_1_252' title='bbox 1309 1887 1387 1924; x_wconf 87' lang='lat' dir='ltr'>fuit</span> <span class='ocrx_word' id='word_1_253' title='bbox 1417 1886 1575 1925; x_wconf 84' lang='lat' dir='ltr'>amicus</span> 
     </span>
    </p>
   </div>
   <div class='ocr_carea' id='block_1_8' title="bbox 157 1945 1609 1985">
    <p class='ocr_par' dir='ltr' id='par_1_8' title="bbox 157 1945 1609 1985">
     <span class='ocr_line' id='line_1_32' title="bbox 157 1945 1609 1985; baseline 0.002 -3"><span class='ocrx_word' id='word_1_254' title='bbox 157 1945 246 1983; x_wconf 88' lang='lat' dir='ltr'>eius</span> <span class='ocrx_word' id='word_1_255' title='bbox 278 1946 395 1984; x_wconf 89' lang='lat' dir='ltr'>cuius</span> <span class='ocrx_word' id='word_1_256' title='bbox 426 1958 554 1984; x_wconf 89' lang='lat' dir='ltr'>causa</span> <span class='ocrx_word' id='word_1_257' title='bbox 583 1947 764 1984; x_wconf 86' lang='lat' dir='ltr'>Baldach</span> <span class='ocrx_word' id='word_1_258' title='bbox 796 1946 962 1984; x_wconf 89' lang='lat' dir='ltr'>adierat.</span> <span class='ocrx_word' id='word_1_259' title='bbox 1006 1947 1056 1984; x_wconf 89' lang='lat' dir='ltr'>Et</span> <span class='ocrx_word' id='word_1_260' title='bbox 1085 1947 1252 1984; x_wconf 88' lang='lat' dir='ltr'>acucius</span> <span class='ocrx_word' id='word_1_261' title='bbox 1284 1959 1377 1984; x_wconf 87' lang='lat' dir='ltr'>eum</span> <span class='ocrx_word' id='word_1_262' title='bbox 1408 1946 1574 1984; x_wconf 88' lang='lat' dir='ltr'>intuens</span> <span class='ocrx_word' id='word_1_263' title='bbox 1603 1958 1609 1985; x_wconf 86' lang='lat'><strong>:</strong></span> 
     </span>
    </p>
   </div>
   <div class='ocr_carea' id='block_1_9' title="bbox 153 2004 1574 2530">
    <p class='ocr_par' dir='ltr' id='par_1_9' title="bbox 153 2004 1574 2530">
     <span class='ocr_line' id='line_1_33' title="bbox 154 2004 1574 2055; baseline 0.001 -14"><span class='ocrx_word' id='word_1_264' title='bbox 154 2004 425 2053; x_wconf 88' lang='lat' dir='ltr'>deprehendit</span> <span class='ocrx_word' id='word_1_265' title='bbox 452 2018 544 2043; x_wconf 90' lang='lat' dir='ltr'>esse</span> <span class='ocrx_word' id='word_1_266' title='bbox 570 2006 748 2043; x_wconf 86' lang='lat' dir='ltr'>amicum</span> <span class='ocrx_word' id='word_1_267' title='bbox 773 2018 895 2055; x_wconf 85' lang='lat' dir='ltr'>quem</span> <span class='ocrx_word' id='word_1_268' title='bbox 921 2006 963 2043; x_wconf 89' lang='lat' dir='ltr'>in</span> <span class='ocrx_word' id='word_1_269' title='bbox 988 2006 1143 2055; x_wconf 78' lang='lat' dir='ltr'>Egypto</span> <span class='ocrx_word' id='word_1_270' title='bbox 1170 2006 1402 2054; x_wconf 87' lang='lat' dir='ltr'>reliquerat.</span> <span class='ocrx_word' id='word_1_271' title='bbox 1442 2005 1574 2043; x_wconf 89' lang='lat' dir='ltr'>Remi-</span> 
     </span>
     <span class='ocr_line' id='line_1_34' title="bbox 157 2064 1573 2114; baseline 0.001 -13"><span class='ocrx_word' id='word_1_272' title='bbox 157 2064 321 2102; x_wconf 86' lang='lat' dir='ltr'>niscens</span> <span class='ocrx_word' id='word_1_273' title='bbox 348 2064 488 2114; x_wconf 87' lang='lat' dir='ltr'>itaque</span> <span class='ocrx_word' id='word_1_274' title='bbox 512 2065 715 2103; x_wconf 89' lang='lat' dir='ltr'>bonorum</span> <span class='ocrx_word' id='word_1_275' title='bbox 741 2077 819 2114; x_wconf 90' lang='lat' dir='ltr'>que</span> <span class='ocrx_word' id='word_1_276' title='bbox 845 2065 923 2102; x_wconf 84' lang='lat' dir='ltr'>sibi</span> <span class='ocrx_word' id='word_1_277' title='bbox 947 2065 989 2103; x_wconf 89' lang='lat' dir='ltr'>in</span> <span class='ocrx_word' id='word_1_278' title='bbox 1016 2066 1171 2114; x_wconf 78' lang='lat' dir='ltr'>Egypto</span> <span class='ocrx_word' id='word_1_279' title='bbox 1196 2066 1362 2111; x_wconf 78' lang='lat' dir='ltr'>fecerat,</span> <span class='ocrx_word' id='word_1_280' title='bbox 1388 2065 1573 2114; x_wconf 81' lang='lat' dir='ltr'>cogitans</span> 
     </span>
     <span class='ocr_line' id='line_1_35' title="bbox 157 2123 1573 2173; baseline 0 -12"><span class='ocrx_word' id='word_1_281' title='bbox 157 2123 288 2161; x_wconf 85' lang='lat' dir='ltr'>eciam</span> <span class='ocrx_word' id='word_1_282' title='bbox 316 2124 414 2172; x_wconf 90' lang='lat' dir='ltr'>quia</span> <span class='ocrx_word' id='word_1_283' title='bbox 438 2127 533 2172; x_wconf 88' lang='lat' dir='ltr'>post</span> <span class='ocrx_word' id='word_1_284' title='bbox 556 2127 730 2162; x_wconf 89' lang='lat' dir='ltr'>mortem</span> <span class='ocrx_word' id='word_1_285' title='bbox 756 2125 980 2163; x_wconf 89' lang='lat' dir='ltr'>retribuere</span> <span class='ocrx_word' id='word_1_286' title='bbox 1006 2125 1065 2162; x_wconf 88' lang='lat' dir='ltr'>illi</span> <span class='ocrx_word' id='word_1_287' title='bbox 1092 2136 1175 2162; x_wconf 91' lang='lat' dir='ltr'>non</span> <span class='ocrx_word' id='word_1_288' title='bbox 1200 2127 1371 2173; x_wconf 88' lang='lat' dir='ltr'>poterat,</span> <span class='ocrx_word' id='word_1_289' title='bbox 1399 2127 1573 2162; x_wconf 87' lang='lat' dir='ltr'>mortem</span> 
     </span>
     <span class='ocr_line' id='line_1_36' title="bbox 154 2183 1572 2232; baseline 0.003 -15"><span class='ocrx_word' id='word_1_290' title='bbox 154 2194 228 2231; x_wconf 81' lang='lat' dir='ltr'>pro</span> <span class='ocrx_word' id='word_1_291' title='bbox 257 2183 348 2230; x_wconf 90' lang='lat' dir='ltr'>ipso</span> <span class='ocrx_word' id='word_1_292' title='bbox 375 2183 514 2221; x_wconf 86' lang='lat' dir='ltr'>subire</span> <span class='ocrx_word' id='word_1_293' title='bbox 539 2196 584 2221; x_wconf 91' lang='lat' dir='ltr'>se</span> <span class='ocrx_word' id='word_1_294' title='bbox 611 2184 803 2221; x_wconf 90' lang='lat' dir='ltr'>decreuit.</span> <span class='ocrx_word' id='word_1_295' title='bbox 842 2184 950 2221; x_wconf 89' lang='lat' dir='ltr'>Voce</span> <span class='ocrx_word' id='word_1_296' title='bbox 978 2184 1100 2232; x_wconf 77' lang='lat' dir='ltr'>igitur</span> <span class='ocrx_word' id='word_1_297' title='bbox 1125 2196 1276 2232; x_wconf 80' lang='lat' dir='ltr'>magna</span> <span class='ocrx_word' id='word_1_298' title='bbox 1303 2184 1572 2222; x_wconf 84' lang='lat' dir='ltr'>exclamauit:</span> 
     </span>
     <span class='ocr_line' id='line_1_37' title="bbox 156 2241 1574 2292; baseline 0.002 -14"><span class='ocrx_word' id='word_1_299' title='bbox 156 2241 261 2290; x_wconf 84' lang='lat' dir='ltr'>Quid</span> <span class='ocrx_word' id='word_1_300' title='bbox 302 2242 564 2280; x_wconf 89' lang='lat' dir='ltr'>innocentem</span> <span class='ocrx_word' id='word_1_301' title='bbox 601 2243 913 2291; x_wconf 85' lang='lat' dir='ltr'>condempnatis</span> <span class='ocrx_word' id='word_1_302' title='bbox 952 2255 1086 2292; x_wconf 87' lang='lat' dir='ltr'>quove</span> <span class='ocrx_word' id='word_1_303' title='bbox 1124 2255 1217 2280; x_wconf 89' lang='lat' dir='ltr'>eum</span> <span class='ocrx_word' id='word_1_304' title='bbox 1253 2243 1433 2281; x_wconf 84' lang='lat' dir='ltr'>ducitis?</span> <span class='ocrx_word' id='word_1_305' title='bbox 1482 2244 1574 2281; x_wconf 89' lang='lat' dir='ltr'>Non</span> 
     </span>
     <span class='ocr_line' id='line_1_38' title="bbox 153 2301 1574 2350; baseline 0.001 -12"><span class='ocrx_word' id='word_1_306' title='bbox 153 2304 329 2339; x_wconf 87' lang='lat' dir='ltr'>mortem</span> <span class='ocrx_word' id='word_1_307' title='bbox 371 2301 531 2347; x_wconf 83' lang='lat' dir='ltr'>meruit,</span> <span class='ocrx_word' id='word_1_308' title='bbox 587 2313 660 2350; x_wconf 81' lang='lat' dir='ltr'>ego</span> <span class='ocrx_word' id='word_1_309' title='bbox 699 2302 838 2339; x_wconf 91' lang='lat' dir='ltr'>uirum</span> <span class='ocrx_word' id='word_1_310' title='bbox 877 2302 1075 2340; x_wconf 82' lang='lat' dir='ltr'>interfeci.</span> <span class='ocrx_word' id='word_1_311' title='bbox 1142 2302 1194 2339; x_wconf 91' lang='lat' dir='ltr'>At</span> <span class='ocrx_word' id='word_1_312' title='bbox 1232 2302 1290 2339; x_wconf 85' lang='lat' dir='ltr'>illi</span> <span class='ocrx_word' id='word_1_313' title='bbox 1343 2302 1574 2341; x_wconf 87' lang='lat' dir='ltr'>iniecerunt</span> 
     </span>
     <span class='ocr_line' id='line_1_39' title="bbox 157 2359 1573 2408; baseline 0.001 -12"><span class='ocrx_word' id='word_1_314' title='bbox 157 2371 306 2397; x_wconf 86' lang='lat' dir='ltr'>manus</span> <span class='ocrx_word' id='word_1_315' title='bbox 340 2359 383 2396; x_wconf 89' lang='lat' dir='ltr'>in</span> <span class='ocrx_word' id='word_1_316' title='bbox 417 2371 511 2397; x_wconf 89' lang='lat' dir='ltr'>eum</span> <span class='ocrx_word' id='word_1_317' title='bbox 545 2362 668 2408; x_wconf 90' lang='lat' dir='ltr'>atque</span> <span class='ocrx_word' id='word_1_318' title='bbox 701 2359 870 2408; x_wconf 80' lang='lat' dir='ltr'>ligatum</span> <span class='ocrx_word' id='word_1_319' title='bbox 905 2371 1045 2397; x_wconf 89' lang='lat' dir='ltr'>secum</span> <span class='ocrx_word' id='word_1_320' title='bbox 1079 2360 1130 2397; x_wconf 86' lang='lat' dir='ltr'>ad</span> <span class='ocrx_word' id='word_1_321' title='bbox 1164 2372 1328 2398; x_wconf 87' lang='lat' dir='ltr'>crucem</span> <span class='ocrx_word' id='word_1_322' title='bbox 1361 2364 1573 2399; x_wconf 77' lang='lat' dir='ltr'>traxerunt</span> 
     </span>
     <span class='ocr_line' id='line_1_40' title="bbox 160 2418 1572 2468; baseline 0.001 -12"><span class='ocrx_word' id='word_1_323' title='bbox 160 2419 369 2468; x_wconf 84' lang='lat' dir='ltr'>aliumque</span> <span class='ocrx_word' id='word_1_324' title='bbox 408 2431 432 2456; x_wconf 90' lang='lat' dir='ltr'>a</span> <span class='ocrx_word' id='word_1_325' title='bbox 471 2430 578 2467; x_wconf 88' lang='lat' dir='ltr'>pena</span> <span class='ocrx_word' id='word_1_326' title='bbox 615 2418 759 2456; x_wconf 86' lang='lat' dir='ltr'>mortis</span> <span class='ocrx_word' id='word_1_327' title='bbox 798 2419 1076 2456; x_wconf 87' lang='lat' dir='ltr'>absoluerunt.</span> <span class='ocrx_word' id='word_1_328' title='bbox 1139 2420 1356 2458; x_wconf 87' lang='lat' dir='ltr'>Homicida</span> <span class='ocrx_word' id='word_1_329' title='bbox 1393 2432 1491 2458; x_wconf 88' lang='lat' dir='ltr'>uero</span> <span class='ocrx_word' id='word_1_330' title='bbox 1529 2421 1572 2458; x_wconf 90' lang='lat' dir='ltr'>in</span> 
     </span>
     <span class='ocr_line' id='line_1_41' title="bbox 155 2479 1570 2530; baseline 0.001 -14"><span class='ocrx_word' id='word_1_331' title='bbox 155 2480 299 2517; x_wconf 89' lang='lat' dir='ltr'>eodem</span> <span class='ocrx_word' id='word_1_332' title='bbox 339 2479 502 2529; x_wconf 84' lang='lat' dir='ltr'>agmine</span> <span class='ocrx_word' id='word_1_333' title='bbox 539 2479 615 2517; x_wconf 91' lang='lat' dir='ltr'>hec</span> <span class='ocrx_word' id='word_1_334' title='bbox 653 2479 816 2517; x_wconf 89' lang='lat' dir='ltr'>intuens</span> <span class='ocrx_word' id='word_1_335' title='bbox 855 2480 1118 2528; x_wconf 82' lang='lat' dir='ltr'>gradiebatur</span> <span class='ocrx_word' id='word_1_336' title='bbox 1154 2484 1277 2530; x_wconf 89' lang='lat' dir='ltr'>atque</span> <span class='ocrx_word' id='word_1_337' title='bbox 1314 2493 1455 2519; x_wconf 89' lang='lat' dir='ltr'>secum</span> <span class='ocrx_word' id='word_1_338' title='bbox 1494 2481 1570 2519; x_wconf 88' lang='lat' dir='ltr'>ait:</span> 
     </span>
    </p>
   </div>
   <div class='ocr_carea' id='block_1_10' title="bbox 1629 460 1650 493">
    <p class='ocr_par' dir='ltr' id='par_1_10' title="bbox 1629 460 1650 493">
     <span class='ocr_line' id='line_1_42' title="bbox 1629 460 1650 493; textangle 90"><span class='ocrx_word' id='word_1_339' title='bbox 1629 460 1650 493; x_wconf 71' lang='lat'>0(</span> 
     </span>
    </p>
   </div>
   <div class='ocr_carea' id='block_1_11' title="bbox 1609 759 1651 792">
    <p class='ocr_par' dir='ltr' id='par_1_11' title="bbox 1609 759 1651 792">
     <span class='ocr_line' id='line_1_43' title="bbox 1609 759 1651 792; baseline -0.024 0"><span class='ocrx_word' id='word_1_340' title='bbox 1609 759 1651 792; x_wconf 87' lang='grc'>10</span> 
     </span>
    </p>
   </div>
   <div class='ocr_carea' id='block_1_12' title="bbox 1601 2252 1645 2285">
    <p class='ocr_par' dir='ltr' id='par_1_12' title="bbox 1601 2252 1645 2285">
     <span class='ocr_line' id='line_1_44' title="bbox 1601 2252 1645 2285; baseline 0 0"><span class='ocrx_word' id='word_1_341' title='bbox 1601 2252 1645 2285; x_wconf 78' lang='grc'>35</span> 
     </span>
    </p>
   </div>
   <div class='ocr_carea' id='block_1_13' title="bbox 153 2538 1643 2590">
    <p class='ocr_par' dir='ltr' id='par_1_13' title="bbox 153 2538 1643 2590">
     <span class='ocr_line' id='line_1_45' title="bbox 153 2538 1643 2590; baseline 0.002 -14"><span class='ocrx_word' id='word_1_342' title='bbox 153 2538 272 2576; x_wconf 91' lang='grc' dir='ltr'>Η11110</span> <span class='ocrx_word' id='word_1_343' title='bbox 308 2539 495 2577; x_wconf 88' lang='lat' dir='ltr'>interfeci</span> <span class='ocrx_word' id='word_1_344' title='bbox 532 2541 572 2577; x_wconf 90' lang='lat' dir='ltr'>et</span> <span class='ocrx_word' id='word_1_345' title='bbox 605 2539 683 2576; x_wconf 91' lang='lat' dir='ltr'>iste</span> <span class='ocrx_word' id='word_1_346' title='bbox 715 2539 974 2587; x_wconf 87' lang='lat' dir='ltr'>dampnatur.</span> <span class='ocrx_word' id='word_1_347' title='bbox 1022 2540 1096 2577; x_wconf 92' lang='lat' dir='ltr'>Hic</span> <span class='ocrx_word' id='word_1_348' title='bbox 1130 2539 1329 2578; x_wconf 88' lang='lat' dir='ltr'>innocens</span> <span class='ocrx_word' id='word_1_349' title='bbox 1365 2540 1569 2590; x_wconf 86' lang='lat' dir='ltr'>supplicio</span> <span class='ocrx_word' id='word_1_350' title='bbox 1597 2546 1643 2579; x_wconf 76' lang='lat'>40</span> 
     </span>
    </p>
   </div>
   <div class='ocr_carea' id='block_1_14' title="bbox 249 2607 1304 2651">
    <p class='ocr_par' dir='ltr' id='par_1_14' title="bbox 249 2607 1304 2651">
     <span class='ocr_line' id='line_1_46' title="bbox 249 2607 1304 2651; baseline 0.003 -11"><span class='ocrx_word' id='word_1_351' title='bbox 249 2607 271 2640; x_wconf 79' lang='grc' dir='ltr'>Ξ)</span> <span class='ocrx_word' id='word_1_352' title='bbox 296 2617 378 2640; x_wconf 86' lang='lat' dir='ltr'>mea</span> <span class='ocrx_word' id='word_1_353' title='bbox 403 2607 487 2641; x_wconf 81' lang='lat' dir='ltr'>uita.</span> <span class='ocrx_word' id='word_1_354' title='bbox 518 2627 558 2631; x_wconf 95' lang='lat'>-—</span> <span class='ocrx_word' id='word_1_355' title='bbox 590 2607 632 2640; x_wconf 77' lang='lat'>14</span> <span class='ocrx_word' id='word_1_356' title='bbox 658 2607 694 2641; x_wconf 88' lang='lat' dir='ltr'>in</span> <span class='ocrx_word' id='word_1_357' title='bbox 720 2610 943 2651; x_wconf 83' lang='lat' dir='ltr'>tempestate.</span> <span class='ocrx_word' id='word_1_358' title='bbox 973 2628 1016 2633; x_wconf 97' lang='lat'><strong>—</strong></span> <span class='ocrx_word' id='word_1_359' title='bbox 1043 2609 1086 2642; x_wconf 77' lang='lat'>37</span> <span class='ocrx_word' id='word_1_360' title='bbox 1113 2608 1304 2644; x_wconf 81' lang='lat' dir='ltr'>duxerunt.</span> 
     </span>
    </p>
   </div>
  </div>
 </body>
</html>
