1846 2857
762 90 1039 126 -11—

190 206 456 246 astronomia.
497 206 554 245 De
581 206 757 255 septima
781 218 881 244 uero
908 205 1073 243 diuerse
1099 205 1370 254 plurimorum
1397 207 1493 243 sunt
1519 218 1606 244 sen-

188 266 324 305 tencie
348 278 525 316 quenam
548 266 613 304 sit.
647 266 889 314 Philosophi
914 265 984 314 qui
1007 265 1252 314 prophecias
1278 277 1362 302 non
1384 267 1604 308 sectantur,

189 325 304 364 aiunt
331 326 654 375 nignomanciam
683 338 775 365 esse
800 325 1032 374 septimam.
1060 324 1199 373 Aliqui
1228 337 1279 362 ex
1306 324 1387 361 illis
1415 323 1606 362 Videlicet

189 384 259 434 qui
296 385 531 434 propheciis
570 388 609 423 et
644 384 907 434 philosophie
945 384 1129 430 credunt,
1167 384 1313 421 uolunt
1349 394 1440 422 esse
1477 382 1605 420 scien—

188 444 294 482 ciam
336 457 414 494 que
454 457 519 483 res
558 445 768 483 naturales
808 444 875 482 uel
916 444 1119 483 elementa
1157 444 1368 481 mundana
1406 441 1604 491 precellit.

186 506 363 556 Quidam
406 507 475 557 qui
516 507 778 556 philosophie
820 518 902 544 non
943 507 1120 553 student,
1163 505 1474 555 grammaticam
1514 516 1606 542 esse

613 566 831 605 affirmant.
877 589 926 592 ——
970 566 1199 604 Probitates
1243 577 1341 603 vero
1382 564 1434 602 he
1489 566 1605 602 sunt:

614 626 828 676 Equitare,
860 629 1021 672 natare,
1055 625 1271 675 sagittare,
1304 624 1490 663 cestibus
1523 635 1605 661 cer-

612 688 710 731 tare,
767 697 985 733 aucupare,
1040 684 1233 722 schachis
1275 683 1429 728 ludere,
1482 683 1606 720 versi-

187 743 312 782 ficari.
345 767 394 770 —
425 744 628 783 Industrie
657 746 773 782 sunt:
804 744 863 782 Ne
892 744 946 782 sit
972 755 1116 787 uorax,
1147 745 1321 792 potator,
1351 743 1604 787 luxuriosus,

311 804 491 854 Septem
612 804 830 850 violentus,
876 804 1066 849 mendax,
1113 815 1265 840 auarus
1311 805 1351 840 et
1392 802 1442 839 de
1497 802 1608 839 mala

274 864 530 903 industriae.
611 863 946 901 conuersacione.
991 885 1040 888 —
1083 863 1341 911 Discipulus:
1383 862 1469 899 Hoc
1510 864 1606 899 tem-

186 934 285 971 pore
324 925 422 970 puto
461 923 668 960 neminem
706 922 943 960 huiusmodi
982 935 1085 960 esse.
1124 944 1174 947 —
1214 921 1400 960 Correxit
1438 921 1607 970 quidam

187 982 458 1031 philosophus
497 982 628 1020 filium
666 994 808 1021 suum:
849 982 959 1021 Caue
997 981 1271 1025 mendacium,
1311 981 1409 1030 quia
1444 980 1605 1018 dulcius

615 1044 675 1079 est
707 1053 829 1077 carne
861 1041 1090 1077 uolucrum.
1125 1062 1174 1065 —
1206 1039 1345 1077 Alius:
1381 1039 1483 1077 Cum
1516 1038 1607 1076 leue

613 1102 665 1139 sit
713 1101 976 1139 mendacium
1024 1100 1219 1150 proferre7
1269 1112 1396 1150 quare
1444 1099 1608 1137 uidetur

186 1172 311 1209 graue
349 1161 567 1198 ueritatem
605 1161 771 1199 dicere?
811 1183 861 1187 —-
898 1161 1015 1198 Alius
1055 1160 1349 1209 philosophus:
1389 1160 1431 1197 Si
1471 1159 1607 1197 dicere

185 1222 346 1258 metuas
369 1220 479 1258 unde
500 1220 700 1269 peniteas,
724 1221 871 1258 melius
895 1223 957 1258 est
976 1220 1133 1257 dicere:
1157 1221 1259 1257 non!
1285 1231 1429 1269 quam:
1454 1219 1532 1257 sic!
1557 1241 1606 1244 —

186 1279 325 1316 Alius:
353 1279 610 1318 Verecundia
636 1280 811 1329 negandi
837 1292 939 1317 caue
965 1293 1016 1318 ne
1041 1279 1191 1317 inferat
1217 1279 1288 1316 tibi
1316 1278 1606 1316 necessitatem

226 596 404 646 Septem
435 597 573 646 probi·

335 657 466 695 tates.

236 1072 296 1110 De
328 1072 566 1111 mendacio.

186 1339 432 1385 menciendi,
477 1339 574 1388 quia
616 1339 831 1377 honestius
875 1342 938 1377 est
978 1351 1064 1376 rem
1106 1351 1255 1387 negare
1297 1350 1421 1387 quam
1462 1338 1606 1386 longos
1633 1346 1643 1360 ⁹

186 1398 384 1436 terminos
415 1399 524 1436 dare.
555 1421 604 1424 —-
633 1399 771 1437 Alius:
799 1398 1037 1436 Terminum
1063 1398 1240 1436 termino
1270 1398 1420 1435 addere
1450 1397 1607 1446 roganti

187 1460 250 1495 est
285 1458 361 1496 hoc
395 1460 580 1507 tempore
614 1458 819 1496 calliditas
854 1458 1041 1507 negandi.
1077 1480 1126 1483 ——
1161 1458 1276 1495 Alius
1312 1457 1606 1505 philosophus:

187 1517 232 1555 Si
264 1517 481 1555 mendacio
513 1517 685 1567 quilibet
716 1518 915 1564 saluatur,
947 1518 1076 1555 multo
1108 1517 1238 1566 magis
1269 1517 1444 1554 ueritate
1476 1516 1608 1554 salua-

185 1579 263 1614 tur.
300 1599 350 1602 —
386 1577 615 1615 Accusatus
646 1577 819 1626 ⁴quidam
852 1577 1000 1615 ductus
1036 1579 1098 1614 est
1131 1580 1226 1614 ante
1261 1588 1396 1625 regem
1430 1576 1608 1614 iudicem

188 1648 425 1686 negansque
455 1637 610 1674 crimen
637 1636 877 1685 impositum
904 1636 1071 1674 tandem
1099 1636 1369 1674 conuincitur.
1413 1636 1486 1675 Cui
1515 1648 1607 1673 rex:

187 1695 440 1745 Duppliciter
469 1695 675 1745 punieris:
705 1697 831 1734 semel
861 1708 934 1745 pro
963 1696 1133 1734 crimine
1160 1696 1397 1742 commisso,
1427 1695 1608 1733 secundo

185 1767 260 1804 pro
290 1755 513 1794 commisso
543 1758 700 1804 negato.
731 1778 780 1781 ——
808 1756 922 1793 Alter
949 1755 1117 1805 quidam
1144 1755 1416 1793 consimiliter
1444 1767 1608 1792 accusa-

186 1817 253 1852 tus
294 1815 402 1864 quod
443 1815 707 1853 commiserat
746 1827 828 1852 non
867 1815 1043 1864 negauit.
1095 1815 1377 1864 Dixeruntque
1416 1815 1486 1863 qui
1525 1814 1608 1863 regi

188 1874 425 1912 astiterant:
463 1875 520 1912 De
555 1875 726 1912 crimine
761 1874 952 1913 confesso
986 1875 1185 1912 iudicium
1219 1877 1365 1912 sumet.
1412 1874 1504 1911 Non
1538 1874 1607 1919 ita,

190 1945 261 1971 rex
292 1934 437 1983 inquit,
470 1934 568 1984 quia
596 1934 869 1983 philosophus
898 1934 1019 1972 dicit:
1052 1933 1271 1972 Confitenti
1302 1936 1517 1982 peccatum
1549 1936 1610 1971 est

189 1992 301 2030 racio
342 1993 528 2031 relaxare
569 1993 779 2031 iudicium.
834 1993 984 2043 Sicque
1023 1994 1127 2031 liber
1165 1993 1299 2031 factus
1340 2005 1364 2030 a
1397 2005 1489 2041 rege
1528 1992 1607 2030 dis-

189 2052 325 2090 cessit.
358 2074 407 2078 —
439 2053 651 2091 Socrates:
682 2053 797 2091 Sicut
825 2053 949 2091 homo
979 2053 1157 2091 mendax
1187 2053 1230 2089 in
1260 2051 1456 2100 principis
1486 2052 1608 2090 comi-

187 2113 277 2149 tatu
304 2124 387 2149 non
412 2112 618 2159 conuenit,
644 2112 703 2150 sic
731 2125 754 2150 a
780 2125 904 2161 regno
928 2113 1110 2150 celorum
1137 2111 1418 2149 excludendus
1445 2112 1532 2149 erit.
1559 2133 1608 2137 —

189 2170 367 2220 Quidam
410 2171 682 2220 philosophus
725 2171 830 2208 dixit
872 2171 957 2209 filio
1000 2183 1097 2209 suo:
1141 2171 1213 2208 Dic
1257 2183 1349 2209 esse
1391 2171 1608 2209 mentitum

193 2229 264 2281 qui
282 2231 441 2268 malum
456 2229 558 2268 dicit
573 2231 684 2268 malo
700 2230 970 2277 uincendum,
1003 2231 1105 2280 quia
1119 2230 1231 2268 sicut
1245 2230 1384 2280 ignem
1399 2231 1508 2281 ignis
1524 2243 1609 2269 non

188 2289 365 2338 perimit,
401 2289 459 2327 sic
492 2289 648 2326 malum
679 2290 789 2327 malo
821 2301 903 2326 non
935 2289 1054 2327 cedit.
1099 2289 1149 2327 Vt
1181 2289 1303 2338 igitur
1334 2289 1468 2339 ignem
1501 2301 1609 2339 aqua

191 2349 403 2398 extinguit,
440 2348 500 2386 sic
534 2348 643 2386 bono
676 2349 833 2386 malum
867 2348 1040 2397 quilibet
1071 2348 1258 2386 destruit.
1293 2371 1343 2375 —
1377 2349 1514 2387 Alius:
1549 2349 1609 2387 Ne

190 2408 338 2446 reddas
377 2408 533 2445 malum
572 2420 623 2445 ne
661 2407 808 2446 similis
846 2408 903 2445 sis
941 2408 1063 2454 malo,
1101 2408 1175 2446 sed
1213 2408 1337 2446 redde
1374 2409 1528 2447 bonum
1564 2411 1610 2446 ut

189 2468 336 2507 melior
364 2468 420 2505 sis
448 2468 568 2505 malo.
596 2490 646 2493 —
672 2467 787 2505 Alius
814 2467 1106 2516 philosophus:
1134 2467 1194 2505 Ne
1220 2467 1404 2506 confidas
1430 2468 1472 2505 in
1498 2468 1608 2505 malo

286 2578 330 2612 23
356 2580 531 2612 seruatur.

1638 743 1679 776 10

1635 1936 1682 1969 30

1636 2235 1681 2267 35
