1846 2857
202 425 224 458 Q!

181 718 224 751 10

180 1016 222 1049 15

179 1934 224 1967 30

179 2230 223 2264 35

822 65 1097 100 —14—

251 182 455 220 intantum
482 181 664 220 uolucris
693 185 815 219 cantu
842 181 1044 230 decipitur
1070 182 1179 231 quod
1206 182 1257 220 ad
1284 185 1457 220 mortem
1484 182 1666 231 perduci-

255 244 334 279 tur.
365 264 414 267 —
445 242 549 280 Item
579 254 712 279 unus:
743 242 829 279 Ista
859 253 944 279 uox
974 241 1137 279 dulcior
1168 243 1232 280 est
1260 241 1334 280 illa
1365 255 1491 291 quam
1522 254 1597 292 ego
1628 245 1670 281 et

250 301 444 350 magister
488 313 604 339 meus
649 300 731 338 iam
776 300 934 348 pridem
977 300 1253 338 audieramus.
1311 300 1360 338 Et
1401 301 1535 350 qualis
1581 304 1668 339 erat

251 361 332 406 illa,
366 360 499 410 inquit
529 361 643 405 alter,
677 362 716 397 et
746 360 952 408 quomodo
982 360 1095 397 illam
1127 359 1330 398 audistis?
1374 360 1532 406 Euenit,
1563 360 1668 398 dixit

250 420 400 466 socius,
436 419 544 469 quod
578 432 602 457 a
627 419 796 457 ciuitate
828 419 1074 465 exieramus,
1108 422 1148 457 et
1177 419 1237 457 sic
1268 431 1351 457 uox
1382 432 1465 457 una
1497 420 1667 469 asperri-

250 492 317 517 ma
349 479 593 517 audiebatur
623 482 663 516 et
692 482 837 517 cantus
867 479 1166 527 incompositus
1196 479 1406 528 uerbaque
1436 479 1668 518 inordinate

250 539 474 584 sonabant;
520 539 673 588 quique
715 541 968 585 cantauerat,
1013 539 1152 587 sepius
1195 550 1267 586 per
1308 539 1416 576 idem
1458 540 1668 587 repetebat

251 602 289 636 et
314 611 389 636 suo
413 599 508 636 licet
531 610 678 647 aspero
702 601 826 635 cantu
850 599 968 648 quasi
992 598 1224 636 delectabili
1249 598 1518 636 detinebatur.
1555 599 1668 636 Tunc

250 657 373 695 michi
406 657 621 706 magister:
654 657 696 695 Si
726 670 871 695 uerum
902 660 964 695 est
994 657 1102 707 quod
1133 657 1319 695 homines
1350 657 1492 695 dicunt.
1521 670 1666 696 uocem

250 717 425 755 bubonis
462 717 641 755 hominis
677 719 849 755 mortem
883 717 1140 766 portendere,
1176 720 1271 755 tunc
1305 717 1386 755 ista
1418 717 1507 755 sine
1541 717 1666 755 dubio

249 789 329 814 vox
355 777 530 814 bubonis
555 779 728 814 mortem
752 777 987 814 annunciat.
1026 775 1099 814 Cui
1124 789 1218 825 ego:
1242 776 1379 823 Miror,
1404 789 1497 814 cum
1520 780 1667 815 cantus

249 836 302 874 sit
340 839 424 874 tam
464 836 666 883 horridus,
707 849 779 873 cur
817 836 895 874 iste
932 839 1093 874 tantum
1130 837 1172 873 in
1211 836 1281 874 illo
1317 836 1555 874 delectatur.
1619 837 1669 874 Et

250 896 317 933 ille
355 896 501 933 michi:
541 896 632 933 Non
671 896 898 933 recordaris
936 895 1046 934 illius
1084 896 1320 945 philosophi
1358 896 1427 945 qui
1465 896 1582 934 dicit:
1621 896 1668 933 Ι11

248 955 378 993 tribus
417 956 644 993 delectatur
678 956 814 1002 1101110,
852 955 928 993 etsi
964 956 1072 993 bona
1106 968 1190 993 non
1224 956 1326 994 sint:
1363 956 1406 993 in
1440 967 1514 993 sua
1550 967 1666 1001 uoce,

250 1015 292 1052 111
328 1027 403 1053 5110
439 1015 622 1052 carmine
658 1018 696 1053 et
731 1015 772 1052 in
807 1027 882 1053 suo
917 1015 1032 1052 filio?
1068 1038 1117 1041 —
1151 1015 1202 1053 Vt
1236 1015 1346 1053 istud
1379 1015 1430 1052 de
1465 1027 1509 1053 se
1545 1019 1583 1053 et
1616 1015 1667 1054 de

249 1087 324 1112 suo
357 1075 552 1123 magistro
585 1078 838 1121 narrauerat,
870 1075 1043 1123 digressi
1075 1078 1171 1113 sunt
1201 1075 1295 1112 inde
1327 1075 1459 1112 ambo.

268 1176 328 1214 De
348 1177 464 1214 mala
484 1175 656 1214 femina
675 1142 818 1228 Dixit
851 1145 1018 1194 quidam
1050 1146 1322 1194 philosophus
1354 1146 1438 1184 filio
1470 1146 1667 1184 511οι50-

768 1218 892 1254 quere
933 1206 1206 1254 scorpionem,
1249 1207 1410 1244 leonem
1452 1209 1491 1244 et
1528 1205 1667 1243 draco-

250 1276 356 1309 110111,
396 1264 468 1301 sed
507 1264 659 1301 malam
696 1264 896 1302 feminam
931 1277 1014 1302 non
1052 1265 1259 1330 sequaris!
1298 1287 1348 1291 —
1385 1265 1501 1303 Alius
1539 1265 1666 1314 philo-

249 1323 425 1371 sophus:
458 1323 538 1361 Ora.
565 1324 687 1361 deum
714 1326 759 1361 ut
784 1327 824 1362 te
851 1325 997 1362 liberet
1023 1325 1074 1362 ab
1102 1325 1266 1373 ingenio
1294 1337 1472 1374 nequam
1499 1325 1667 1362 semina-

250 1395 351 1429 rum,
385 1386 424 1420 et
450 1386 496 1420 tu
525 1383 613 1432 ipse
643 1396 693 1421 ne
721 1384 940 1432 decipiaris
971 1384 1142 1432 prouide
1172 1384 1256 1422 tibi.
1287 1407 1336 1410 —
1366 1384 1527 1422 Dictum
1556 1396 1667 1422 nam-

249 1455 329 1491 que
359 1446 420 1480 est
449 1443 498 1480 de
529 1443 707 1492 quodam
736 1444 983 1492 philosopho
1013 1444 1121 1493 quod
1150 1444 1357 1482 transiens
1388 1444 1503 1482 iuxta
1530 1444 1668 1482 locum

251 1514 332 1550 quo
356 1514 512 1551 auceps
537 1506 624 1540 rete
648 1503 885 1541 tetenderat
909 1503 1060 1541 auibus
1086 1503 1348 1553 decipiendis
1373 1504 1481 1542 uidit
1496 1504 1662 1541 mulier-

250 1562 384 1598 culam
418 1574 512 1599 cum
547 1574 594 1599 eo
626 1561 924 1600 lasciuientem.
971 1560 1044 1599 Cui
1077 1562 1201 1600 dixit:
1236 1562 1312 1611 Qui
1347 1575 1446 1600 aues
1478 1562 1667 1611 decipere

203 1627 216 1655 Γ
251 1617 427 1664 conaris,
458 1618 555 1656 uide
587 1631 637 1655 ne
668 1618 834 1656 auicula
863 1619 997 1656 tactus
1029 1619 1151 1656 huius
1182 1619 1297 1657 uisco
1329 1619 1518 1657 tenearis.

250 1686 395 1771 Dixit
451 1690 618 1739 quidam
662 1690 891 1739 discipulus
935 1691 1131 1740 magistro
1175 1704 1270 1729 suo:
1315 1691 1411 1740 Legi
1454 1692 1496 1729 in
1551 1691 1666 1730 libris

344 1749 684 1798 philosophorum
718 1751 867 1800 quibus
900 1750 1132 1799 precipiunt
1161 1753 1206 1788 ut
1237 1751 1287 1788 ab
1317 1751 1482 1799 ingenio
1512 1750 1666 1789 femine

249 1820 443 1856 peruerse
488 1809 694 1847 custodiat
737 1822 781 1848 50
826 1810 960 1848 homo.
1018 1810 1066 1847 Et
1110 1811 1307 1848 Salomon
1348 1811 1391 1847 in
1434 1811 1667 1858 prouerbiis

250 1868 325 1906 hoc
369 1868 477 1906 idem
519 1868 723 1906 admonet.
779 1869 859 1907 Sed
898 1873 942 1907 tu
982 1870 1017 1907 51
1058 1882 1182 1918 super
1222 1870 1385 1918 ingenio
1425 1869 1535 1908 illius
1576 1870 1667 1908 siue

250 1927 299 1965 de
320 1928 472 1966 fabulis
497 1928 585 1967 siue
607 1928 657 1966 de
678 1929 907 1977 prouerbiis
931 1929 1085 1978 aliquid
1108 1929 1343 1967 memoriter
1363 1932 1492 1975 tenes,
1515 1929 1668 1967 uellem

250 1988 501 2026 renarrando
543 2000 608 2026 me
651 1988 887 2026 instrueres.
941 1989 1154 2037 Magister:
1198 1989 1376 2035 Faciam,
1419 1989 1564 2038 inquit,
1606 1988 1666 2027 tui

250 2059 376 2084 causa
405 2047 590 2085 libenter.
633 2048 713 2086 Sed
740 2060 886 2086 uereor
913 2061 964 2085 ne
992 2049 1026 2086 si
1056 2049 1125 2098 qui
1154 2051 1295 2086 nostra
1322 2048 1498 2097 simplici
1528 2048 1666 2086 animo

249 2106 429 2155 legentes
456 2107 640 2145 carmina
665 2120 743 2157 que
767 2107 817 2145 de
842 2108 1060 2145 mulierum
1084 2108 1241 2146 artibus
1267 2107 1318 2146 ad
1344 2120 1483 2146 earum
1508 2120 1665 2157 correp-

249 2165 410 2203 cionem
435 2169 472 2204 et
493 2169 608 2204 tuam
631 2170 671 2205 et
693 2167 867 2205 aliorum
890 2167 1208 2205 instruccionem
1233 2168 1450 2206 scribimus
1473 2167 1664 2214 uiderint,

249 2224 442 2263 uidelicet
479 2226 685 2275 quomodo
722 2226 899 2276 quedam
936 2239 1078 2265 earum
1114 2227 1394 2265 nescientibus
1429 2227 1530 2265 uiris
1566 2239 1664 2265 suos

250 2284 452 2322 aduocent
485 2286 666 2324 amasios
699 2289 739 2324 et
769 2287 1087 2335 complectentes
1119 2287 1410 2325 deosculentur
1441 2286 1664 2324 aduocatos

251 2346 290 2381 et
327 2356 406 2393 que
445 2344 608 2382 illarum
647 2348 814 2394 expetat
848 2346 1023 2384 lasciuia
1060 2346 1103 2383 in
1139 2346 1241 2394 ipsis
1280 2347 1484 2395 expleant,
1524 2357 1664 2383 earum

250 2403 483 2452 nequiciam
510 2404 552 2441 in
578 2417 652 2443 nos
679 2405 908 2443 redundare
933 2406 1111 2444 credant.
1150 2405 1405 2455 Discipulus:
1432 2405 1491 2443 Ne
1516 2405 1663 2443 timeas

249 2463 339 2510 hoc,
367 2463 573 2512 magister,
602 2464 698 2513 quia
724 2465 921 2503 Salomon
946 2465 989 2502 in
1014 2465 1117 2503 libro
1143 2465 1455 2515 prouerbiorum
1483 2467 1520 2503 et
1546 2464 1663 2502 multi

349 2549 364 2582 1
394 2548 613 2592 producitur.
640 2568 683 2573 -
711 2550 755 2584 33
782 2549 1058 2584 correccionem.
