1846 2857
774 85 1023 122 -9—

687 202 780 239 11113
807 201 973 250 quidam
1000 201 1206 240 0013111011
1198 206 1258 239 tor
1284 202 1462 250 prudens
1491 204 1529 239 et
1553 203 1607 240 fa-

699 266 759 300 cet
765 276 825 310 113
852 263 922 301 sed
946 262 1137 311 ignobilis
1160 263 1324 300 cuidam
1347 263 1430 311 regi
1451 275 1598 302 uersus

619 332 717 357 suos
744 319 904 357 obtulit.
959 319 1084 357 Cuius
1114 323 1255 357 notata
1284 320 1509 368 prudencia
1538 333 1609 358 1οΧ

616 393 706 418 eum
737 380 962 418 honorifice
991 380 1184 429 suscepit.
1225 380 1330 418 Huic
1357 379 1479 428 igitur
1506 379 1607 417 inui-

186 440 340 478 debant
379 441 448 478 alii
486 440 790 479 uersificatores
829 452 905 478 sua
941 440 1107 488 superbi
1145 439 1419 488 generositate
1457 451 1606 487 regem-

187 511 268 550 que
312 500 607 538 conuenientes
652 500 864 549 inquiunt:
910 499 1083 537 Domine
1126 512 1210 545 rex,
1255 511 1328 536 0111
1368 499 1477 536 1111110
1522 501 1605 536 tam

186 559 259 597 uili
297 571 432 597 ortum
464 559 658 608 prosapia
692 559 794 597 adeo
828 558 1099 607 magnificas?
1144 559 1205 596 Ad
1238 558 1314 596 hec
1348 571 1440 596 rex:
1476 558 1606 607 Quem

185 618 423 667 uituperare
463 619 652 667 putastis,
692 618 822 667 magIS
861 618 1076 656 laudastis.
1127 618 1219 666 Ipse
1257 629 1357 656 uero
1395 618 1464 667 qui
1502 618 1606 655 uitu-

185 679 419 727 perabatur,
458 679 534 716 hec
571 678 779 716 adiunxit:
817 678 929 716 Rosa
965 690 1015 715 ex
1051 678 1182 726 spinis
1219 680 1308 715 orta
1342 690 1605 727 nequaquam

185 738 507 787 blasphematur.
558 738 646 775 Rex
682 741 820 775 autem
855 737 1047 775 maximis
1083 738 1329 775 honoratum
1364 737 1604 775 muneribus

187 809 280 835 eum
314 797 482 835 dimisit.

197 235 494 283 Exemplum
511 234 596 272 III:
616 199 719 286 A

223 294 284 332 De
315 294 459 332 tribus
491 306 584 331 ver-

247 353 557 392 sificatoribus.

188 869 392 958 Contigit
410 877 455 913 ut
475 875 642 924 quidam
661 874 920 913 uersificator
939 874 1066 913 nobili
1087 877 1199 913 ortus
1220 875 1426 923 prosapia,
1449 887 1594 923 parum

278 937 415 972 autem
453 934 742 983 disciplinatus
782 934 864 983 regi
904 934 1068 972 cuidam
1105 947 1252 972 uersus
1292 947 1389 972 suos
1428 934 1601 972 offerret.

187 993 298 1042 Quos
334 996 524 1042 acceptos
559 1006 630 1031 rex
664 994 772 1031 male
805 994 956 1043 quippe
989 994 1241 1042 compositos
1276 994 1432 1042 spreuit
1467 994 1605 1031 nichil-

185 1065 265 1102 que
299 1053 377 1091 sibi
410 1053 534 1091 dedit.
581 1053 719 1102 Inquit
750 1053 872 1101 igitur
904 1053 1162 1091 uersificator
1196 1053 1290 1102 regi.
1339 1053 1381 1091 Si
1415 1066 1498 1091 non
1530 1065 1603 1102 pro

183 1112 388 1159 uersibus,
435 1113 582 1151 saltem
627 1125 700 1161 pro
745 1113 1018 1162 generositate
1063 1113 1218 1162 aliquid
1263 1113 1388 1150 michi
1433 1113 1601 1151 tribuas.

185 1171 274 1210 Rex
307 1184 422 1221 ergo:
455 1171 554 1221 Quis
587 1175 649 1210 est
678 1175 795 1221 pater
826 1176 949 1210 tuus‘?
993 1173 1045 1210 At
1074 1173 1143 1210 ille
1174 1172 1252 1210 sibi
1284 1172 1494 1210 indicauit.
1538 1173 1606 1210 Ait

187 1241 281 1267 rex:
312 1228 462 1266 Semen
488 1228 531 1266 111
558 1232 599 1267 10
629 1229 904 1278 degenerauit.
960 1229 1034 1267 Cui
1062 1229 1340 1267 uersificator:
1371 1230 1489 1279 Sepe,
1520 1242 1603 1276 rex,

184 1286 391 1324 frumento
431 1286 561 1324 oritur
602 1287 733 1335 siligo.
786 1287 848 1324 Ad
891 1288 965 1325 hec
1008 1300 1100 1325 rex:
1142 1288 1196 1325 Tc
1237 1288 1438 1325 minorem
1480 1299 1602 1336 quam

182 1348 342 1395 patrem
373 1350 491 1384 tuum
523 1347 718 1395 probasti.
764 1348 965 1397 Illumque
996 1348 1223 1386 immunem
1256 1348 1314 1386 310
1345 1348 1514 1385 dimisit.

683 1422 762 1460 11113
796 1423 1057 1461 uersificator
1089 1423 1185 1460 item
1219 1423 1336 1460 uenit
1369 1423 1419 1460 ad
1455 1435 1604 1472 regem,

700 1485 805 1532 patri
832 1484 1015 1533 ignobili,
1041 1484 1113 1522 sed
1138 1487 1269 1521 matre
1295 1495 1505 1532 generosa.
1544 1483 1602 1520 In-

614 1541 867 1590 compositus
910 1541 1076 1590 quidem
1118 1540 1415 1589 incompositos
1459 1540 1605 1578 obtulit

611 1614 767 1640 uersus.
837 1602 962 1640 Cuius
1017 1604 1149 1639 mater
1202 1601 1371 1639 fratrem
1424 1601 1604 1638 habebat

181 1660 412 1699 litteratura
450 1663 489 1699 et
524 1662 682 1699 facecia
717 1662 991 1710 splendidum.
1041 1662 1129 1699 Rex
1166 1664 1304 1698 autem
1339 1672 1602 1710 nequaquam

183 1732 277 1758 eum
306 1721 531 1759 honorifice
560 1722 752 1769 suscepit.
795 1721 983 1770 Quesiuit
1009 1724 1148 1759 tamen
1177 1721 1226 1758 ab
1256 1732 1316 1767 00,
1346 1720 1463 1758 0111113
1492 1720 1600 1757 filius

183 1783 280 1818 erat.
330 1780 384 1818 At
419 1780 488 1818 ille
524 1781 730 1829 pretendit
765 1781 801 1818 ei
839 1781 1092 1818 auunculum
1128 1792 1271 1826 suum3
1308 1780 1416 1817 vnde
1453 1792 1524 1817 rex
1560 1780 1602 1816 111

182 1839 355 1877 nimium
389 1840 518 1878 risum
550 1852 594 1879 se
627 1840 840 1878 conuertit.
886 1840 1011 1877 Aiunt
1043 1840 1079 1878 ei
1112 1839 1175 1877 sui
1207 1839 1455 1877 familiares:
1487 1839 1601 1877 Vnde

181 1898 259 1936 iste
300 1902 441 1937 tantus
485 1900 593 1937 risus
636 1899 850 1948 procedit?
904 1900 971 1937 Ait
1014 1912 1106 1937 rex:
1150 1900 1349 1937 Fabulam
1392 1898 1601 1948 quandam

181 1957 224 1995 in
260 1958 366 1996 libro
403 1959 582 2008 quodam
618 1960 809 2008 legeram,
848 1971 972 2008 quam
1008 1959 1074 1996 hic
1111 1959 1240 1996 oculis
1278 1958 1500 2006 conspicio.
1550 1958 1602 1995 At

181 2017 261 2054 illi:
300 2017 387 2066 Que
422 2020 484 2056 est
519 2018 618 2056 illa?
665 2018 734 2056 Ait
768 2031 860 2056 rex:
895 2018 1052 2056 Mulum
1089 2019 1251 2056 nouiter
1284 2021 1427 2055 natum
1461 2018 1600 2066 uulpis

180 2076 223 2113 in
253 2078 420 2125 pascuis
451 2078 610 2115 inuenit
640 2080 763 2127 atque
793 2078 1002 2115 admirans
1034 2078 1111 2115 ait:
1144 2078 1243 2126 Quis
1275 2090 1318 2115 es
1349 2080 1422 2114 tu?
1464 2077 1599 2115 Mulus

179 2135 279 2173 dicit
314 2148 359 2174 se
392 2136 458 2173 dei
493 2140 725 2174 creaturam
759 2149 862 2175 esse.
912 2137 986 2175 Cui
1019 2137 1179 2185 uulpis:
1215 2137 1407 2174 Habesne
1441 2140 1600 2184 patrem

181 2198 251 2233 aut
283 2197 486 2233 matrem?
529 2195 665 2233 Mulus
697 2196 775 2233 ait:
807 2196 1049 2234 Auunculus
1080 2208 1197 2233 meus
1230 2200 1292 2234 est
1323 2208 1453 2245 equus
1485 2208 1600 2245 gene-

181 2266 312 2292 rosus.
346 2276 395 2280 ·-
427 2254 542 2292 Sicut
573 2267 666 2303 ergo
696 2256 833 2292 mulus
865 2268 947 2292 non
978 2256 1217 2304 recognouit
1247 2255 1411 2293 asinum
1441 2260 1599 2304 patrem

181 2326 314 2360 suum,
360 2325 408 2351 eo
451 2313 560 2363 quod
602 2314 762 2362 pigrum
804 2317 843 2352 et
882 2314 1067 2352 deforme
1109 2315 1261 2352 animal
1302 2317 1377 2361 est,
1420 2315 1480 2353 sic
1521 2315 1598 2353 iste

178 2376 338 2422 patrem
369 2385 491 2411 suum
520 2373 705 2410 confiteri
736 2374 1005 2411 erubescebat
1032 2386 1105 2422 pro
1133 2374 1289 2412 inercia
1318 2387 1394 2412 sua
1422 2375 1599 2424 incogni-

177 2435 276 2470 tum.
326 2433 415 2470 Rex
448 2436 547 2469 111110
582 2437 827 2470 conuertens
863 2445 907 2470 se
941 2433 992 2470 ad
1025 2433 1350 2472 uersificatorem
1385 2435 1462 2472 ait:
1496 2435 1598 2473 Volo

177 2495 224 2529 ut
257 2492 414 2529 indices
448 2491 573 2528 michi
606 2494 765 2540 patrem
798 2495 925 2529 tuum.
972 2492 1024 2530 At
1055 2493 1124 2530 ille
1158 2493 1236 2531 31111
1270 2493 1480 2532 indicauit.
1528 2494 1598 2533 Co-

180 2551 320 2600 gnouit
364 2563 459 2600 ergo
502 2563 574 2588 rex
617 2551 715 2600 quia
755 2554 872 2600 pater
914 2551 1002 2590 eius
1044 2552 1140 2591 uilis
1185 2559 1224 2590 et
1265 2553 1596 2601 indisciplinatus

197 1454 494 1503 Exemplum
513 1454 590 1493 IV:

250 1513 311 1552 De
343 1513 460 1552 mulo
493 1514 540 1552 et

322 1573 465 1622 vulpe.

1638 744 1681 776 [O

1631 1664 1676 1697 25

1628 1961 1675 1994 30

1627 2262 1673 2295 :35

1624 2556 1672 2589 40
