1790 2857
186 733 228 766 10

186 1031 228 1065 15

183 1624 228 1657 25

185 1922 231 1955 30

186 2222 232 2256 35

824 76 1096 114 „34-

254 196 302 234 Et
334 195 540 246 quomodo
572 194 704 233 credis
737 194 846 244 quod
877 195 920 232 in
949 206 1015 232 me
1046 194 1101 233 sit
1130 194 1331 232 iacinctus
1364 194 1432 244 qui
1464 194 1517 232 sit
1545 194 1670 233 unius

252 256 375 294 uncie
418 254 625 305 ponderis,
671 266 765 292 cum
809 266 882 303 ego
923 256 1011 291 tota
1052 266 1137 291 non
1179 254 1257 292 sim
1300 254 1402 292 tanti
1445 254 1669 302 ponderis?

253 315 302 353 Et
339 327 477 353 nonne
511 314 598 351 dixi
632 313 729 351 tibi:
766 313 875 363 quod
912 316 1028 351 tuum
1063 316 1137 359 est,
1175 325 1338 362 semper
1371 314 1573 351 habebis?
1621 313 1671 351 Et

254 374 460 424 quomodo
491 376 609 423 potes
642 372 822 422 lapidem
853 373 1006 411 habere
1037 372 1087 411 de
1117 385 1183 410 me
1213 373 1410 411 uolante?
1454 373 1504 411 Et
1533 385 1671 411 nonne

252 434 338 472 dixi
363 434 459 472 tibi:
484 445 536 471 ne
557 433 699 471 doleas
723 432 773 471 de
797 432 919 471 rebus
944 432 1139 470 amissis?
1176 432 1224 470 Et
1248 444 1374 482 quare
1396 445 1469 481 pro
1493 433 1671 471 iacincto

254 494 325 543 qui
362 493 407 531 in
445 505 512 530 me
551 495 614 531 est
648 492 796 531 doles?
846 492 1014 530 Talibus
1050 491 1172 530 dictis
1211 491 1349 530 deriso
1387 492 1539 530 rustico
1578 492 1669 530 auis

253 553 296 590 in
337 552 520 590 nemoris
564 552 661 590 auia
701 552 925 590 deuolauit.

735 611 1011 660 Philosophus
1067 611 1287 660 castigauit
1352 610 1483 648 filium
1548 624 1670 650 suum

681 671 842 709 dicens:
878 670 1081 720 Quicquid
1112 671 1300 709 inuenies
1330 671 1456 720 legas,
1487 671 1559 708 sed
1589 683 1672 709 non

679 730 822 768 credas
844 730 1039 780 quicquid
1058 730 1216 779 legeris.
1247 730 1309 767 Ad
1327 730 1403 768 hec
1421 730 1670 779 discipulus:

255 789 385 828 Credo
412 789 490 827 hoc
518 801 630 828 esse:
658 802 740 827 non
766 792 829 828 est
852 802 997 828 uerum
1024 789 1219 840 quicquid
1246 792 1308 828 est
1333 790 1376 827 in
1400 790 1527 828 libris.
1566 790 1670 828 Nam

254 849 389 887 simile
426 849 521 887 huic
558 849 642 887 iam
676 849 755 898 legi
790 849 834 887 in
868 849 1099 898 prouerbiis
1136 849 1497 898 philosophorum:
1545 849 1672 887 Multe

254 910 352 946 sunt
368 909 553 955 arbores,
578 909 652 947 sed
667 921 752 947 non
776 920 921 947 omnes
946 909 1109 948 faciunt
1124 910 1330 956 fructum;
1354 909 1475 947 multi
1491 909 1670 956 fructus,

255 966 330 1004 sed
370 978 456 1003 non
498 978 641 1004 omnes
684 966 976 1004 comestibiles.
1019 988 1069 992 -—
1113 966 1339 1015 Castigauit
1373 966 1505 1004 Arabs
1542 966 1672 1004 filium

254 1039 376 1065 suum
416 1027 578 1066 dicens:
618 1027 708 1074 Fili,
747 1040 799 1066 ne
835 1027 1019 1066 dimittas
1057 1040 1131 1076 pro
1166 1028 1316 1066 futuris
1355 1027 1582 1076 presencia,
1620 1040 1673 1066 ne

252 1086 396 1125 forsan
415 1087 564 1136 perdas
583 1089 816 1137 utrumque,
837 1087 944 1125 sicut
963 1088 1102 1126 euenit
1118 1088 1216 1136 lupo
1234 1087 1285 1126 de
1303 1087 1436 1125 bobus
1455 1087 1671 1137 promissis

255 1158 278 1184 a
315 1147 480 1185 rustico.

299 1237 452 1275 Exem
491 1237 506 1274 1
543 1236 709 1275 XXIII,
752 1202 946 1289 Dictum
984 1219 1163 1256 namque
1197 1207 1276 1245 fuit
1309 1207 1360 1245 de
1392 1219 1476 1245 uno
1513 1210 1674 1245 aratore

459 1248 521 1286 Ρ·
701 1266 710 1275 ”
849 1266 959 1316 quod
1005 1266 1134 1304 boves
1181 1266 1296 1304 illius
1343 1269 1456 1304 recto
1503 1266 1671 1305 tramite

750 1325 906 1363 nollent
926 1325 1126 1364 incedere.
1160 1325 1317 1374 Quibus
1335 1325 1459 1364 dixit:
1478 1325 1582 1375 Lupi
1596 1338 1674 1365 uos

751 1384 987 1423 comedant!
1058 1385 1175 1434 Quod
1217 1386 1338 1434 lupus
1382 1385 1555 1424 audiens
1609 1385 1673 1423 ad-

753 1442 920 1491 quieuit.
978 1443 1079 1481 Cum
1113 1445 1249 1481 autem
1279 1443 1368 1481 dies
1398 1443 1676 1481 declinaretur

257 1504 295 1539 et
332 1502 415 1540 iam
452 1503 631 1541 rusticus
670 1503 720 1541 ab
758 1507 893 1542 aratro
930 1504 1059 1542 boues
1095 1504 1303 1551 soluisset,
1340 1505 1456 1543 uenit
1491 1505 1542 1542 ad
1579 1517 1673 1543 eum

258 1560 380 1608 lupus
416 1560 473 1598 ita
506 1560 670 1598 dicens:
708 1561 767 1599 Da
800 1561 925 1599 michi
961 1562 1089 1600 boues
1126 1574 1229 1612 quos
1265 1562 1390 1600 michi
1425 1561 1670 1611 promisisti!

254 1620 317 1658 Ad
357 1621 433 1659 hec
474 1624 632 1660 arator:
675 1622 720 1661 Si
758 1623 932 1661 uerbum
971 1623 1070 1670 dixi,
1112 1636 1194 1661 non
1233 1626 1374 1661 tamen
1412 1626 1672 1661 sacramento

255 1680 436 1718 firmaui.
477 1681 528 1718 Et
554 1681 680 1730 lupus
709 1684 876 1720 contra:
905 1683 1070 1720 Habere
1098 1683 1244 1729 debeo,
1275 1682 1375 1732 quia
1404 1682 1665 1721 concessisti.

255 1739 544 1777 Firmauerunt
578 1741 746 1778 tandem
780 1745 947 1790 pactum
982 1741 1092 1791 quod
1125 1741 1221 1779 inde
1255 1741 1362 1780 irent
1395 1741 1447 1779 ad
1481 1741 1670 1779 iudicem.

257 1798 373 1848 Quod
412 1799 511 1836 dum
549 1799 746 1846 facerent,
786 1800 904 1849 uulpi
942 1801 1227 1839 obuiauerunt.
1281 1800 1438 1849 Quibus
1479 1801 1672 1839 euntibus

256 1858 314 1896 ait
350 1858 499 1896 callida
534 1859 694 1908 uulpis:
733 1859 822 1908 Quo
857 1860 1056 1898 tenditis?
1105 1860 1167 1898 Illi
1203 1860 1312 1910 quod
1347 1860 1503 1898 factum
1538 1861 1674 1898 fuerat

257 1920 530 1956 narrauerunt
555 1919 683 1968 uulpi.
724 1919 881 1968 Quibus
907 1919 1032 1957 dixit:
1059 1920 1136 1957 Pro
1162 1920 1315 1958 nichilo
1342 1920 1468 1957 alium
1494 1920 1672 1958 iudicem

257 1977 441 2026 queritis,
474 1978 671 2027 quoniam
701 1981 857 2016 rectum
885 1979 1005 2017 uobis
1036 1979 1130 2017 inde
1159 1979 1310 2017 faciam
1339 1979 1548 2017 iudicium.
1592 1979 1673 2018 Sed

259 2035 373 2083 prius
405 2035 628 2084 permittite
659 2048 726 2074 me
758 2036 871 2086 loqui
904 2036 1078 2074 consilio
1109 2037 1182 2074 uni
1216 2049 1266 2075 ex
1298 2037 1418 2075 uobis
1453 2040 1493 2075 et
1523 2037 1674 2075 deinde

296 642 358 681 De
388 641 513 680 libris
544 653 632 680 non

346 701 587 740 credendis.

323 1296 384 1334 De
415 1296 550 1334 bobus
581 1296 681 1345 lupo

263 1355 492 1404 promissis
517 1367 543 1393 a
563 1355 728 1394 rustico

288 1415 513 1464 vulpisque
542 1414 715 1453 iudicio.

257 2096 348 2142 alii;
391 2099 430 2135 et
468 2097 503 2135 si
541 2099 686 2146 potero
723 2109 799 2136 uos
839 2098 1089 2136 concordare
1127 2098 1218 2136 sine
1256 2098 1421 2145 iudicio,
1461 2098 1673 2137 sentencia

257 2156 478 2203 celabitur;
518 2157 585 2194 sin
624 2159 775 2204 autem,
815 2157 860 2194 in
897 2169 1114 2196 commune
1152 2158 1322 2196 dicetur.
1374 2158 1427 2196 At
1464 2158 1543 2207 ipsi
1580 2170 1672 2196 con-

257 2218 481 2253 cesserunt.
530 2216 580 2254 Et
611 2217 750 2265 uulpis
783 2217 962 2266 primum
993 2218 1131 2256 locuta
1163 2229 1352 2256 seorsum
1383 2230 1478 2255 cum
1512 2220 1673 2255 aratore

258 2274 335 2311 ait:
378 2274 437 2313 Da
476 2275 602 2313 michi
640 2288 769 2314 unam
807 2276 1002 2326 gallinam
1043 2279 1082 2315 et
1118 2277 1239 2315 uxori
1278 2289 1370 2315 mee
1408 2277 1592 2322 alteram,
1633 2278 1673 2314 et

260 2331 432 2370 habebis
465 2333 614 2371 boues!
671 2334 820 2372 Arator
850 2334 1066 2372 concessit.
1122 2335 1170 2372 Et
1201 2335 1278 2373 hoc
1309 2335 1419 2372 facto
1450 2346 1544 2372 cum
1574 2334 1673 2381 lupo

259 2391 398 2428 locuta
428 2394 490 2429 est
518 2392 682 2430 dicens:
724 2393 844 2440 Audi,
877 2394 1020 2440 amice,
1052 2396 1092 2432 et
1120 2394 1278 2432 meritis
1308 2394 1389 2431 tuis
1420 2392 1668 2442 precedenti-

260 2452 338 2490 bus
355 2463 429 2501 pro
453 2455 493 2490 te
518 2453 642 2491 debet
656 2466 752 2492 mea
775 2454 911 2504 siqua
935 2456 999 2493 est
1022 2455 1224 2493 facundia
1246 2455 1453 2493 laborare.
1490 2455 1670 2492 Tantum

353 2532 375 2566 3
400 2533 505 2566 Diese
536 2535 567 2566 2.
594 2533 744 2567 Sentenz
774 2534 873 2577 fehlt.
900 2555 945 2561 —-
971 2535 1014 2569 27
1048 2538 1193 2579 pactum
1224 2536 1323 2578 fehlt.
1357 2554 1400 2559 -
1433 2535 1479 2568 34
1510 2544 1547 2568 1n
1573 2545 1671 2569 com-

258 2589 369 2614 mune
394 2579 581 2614 reveletur.
