1790 2857
205 440 226 473 01

183 741 226 774 10

827 83 1097 120 ᾑ36,

254 202 338 240 alta
367 212 483 247 uoce,
515 201 625 239 unde
655 201 772 239 uenit
801 201 926 239 michi
957 201 1035 239 iste
1066 204 1150 239 tam
1180 215 1353 251 magnus
1385 215 1507 252 quem
1538 204 1670 242 habeo

253 262 422 300 census!
457 261 574 310 Quod
591 263 636 298 ut
654 261 821 308 rescias,
840 262 1018 299 multum
1033 262 1196 299 labora!
1227 262 1340 300 Tunc
1358 262 1450 311 ipsa
1466 263 1550 301 alta
1566 273 1670 301 uoce

253 321 330 359 ait:
359 321 544 366 Domine,
571 320 679 358 vnde
704 323 790 358 tam
815 333 1008 370 magnum
1033 320 1216 358 habuisti
1242 333 1424 368 censum,
1453 334 1546 360 cum
1572 335 1670 360 nun-

253 393 378 430 quam
411 382 614 418 mercator
643 380 803 418 fueris?
847 380 900 418 At
928 380 1018 418 ille:
1051 380 1169 429 Quod
1199 380 1301 419 deus
1333 381 1515 428 donauit,
1549 394 1671 420 serua

254 443 292 478 et
324 440 390 478 fac
423 439 519 477 inde
551 440 809 477 uoluntatem
841 442 954 477 tuam
987 442 1027 478 et
1057 453 1141 478 non
1172 440 1371 490 inquiras,
1404 441 1513 479 unde
1543 441 1670 480 michi

252 502 367 537 tanta
402 499 580 548 pecunia
611 499 793 537 uenerit!
841 499 894 537 At
926 499 1028 548 ipsa,
1064 499 1171 538 sicut
1204 500 1241 537 ei
1275 499 1503 538 iniunctum
1536 501 1672 539 fuerat

252 559 382 608 magis
409 571 456 596 ac
479 559 610 607 magis
633 561 677 596 ut
700 559 870 597 resciret
892 559 1125 608 instigabat.
1162 559 1336 597 Demum
1360 560 1479 609 quasi
1501 563 1669 599 coactus

251 619 442 667 precibus
472 630 546 657 sue
571 618 713 656 uxoris
740 618 874 669 inquit
897 619 1061 656 dicens:
1087 619 1188 657 Vide
1215 631 1266 657 ne
1292 619 1486 668 cuiquam
1512 623 1670 659 secreta

254 680 397 716 nostra
420 678 614 727 detegas:
636 678 744 716 latro
768 678 843 716 fui.
878 679 930 716 At
952 678 1047 727 ipsa
1069 678 1149 716 ait:
1172 679 1326 716 Mirum
1348 679 1475 717 michi
1498 680 1668 718 uidetur

252 737 458 787 quomodo
482 739 568 774 tam
591 749 786 786 magnum
810 749 981 775 censum
1004 738 1221 775 latrocinio
1244 738 1415 787 potuisti
1440 738 1668 788 adquirere,

255 795 363 844 quod
395 806 608 844 nunquam
639 795 875 833 audiuimus
907 796 1127 833 clamorem
1159 795 1249 833 siue
1281 796 1462 845 aliquam
1492 796 1669 845 calump-

252 856 364 894 niam
392 856 500 894 inde.
540 856 593 894 At
618 856 708 906 ipse
735 856 812 894 ait:
842 856 1018 906 Quidam
1044 857 1241 906 magister
1266 869 1384 895 meus
1411 869 1578 896 carmen
1603 870 1670 896 me

249 916 390 954 docuit
430 915 540 966 quod
579 916 769 954 dicebam
810 916 976 966 quando
1014 928 1140 965 super
1177 919 1334 955 tectum
1372 917 1646 956 ascendebam
1659 931 1668 963 ;

252 978 291 1013 et
331 975 505 1014 ueniens
550 975 601 1014 ad
642 976 867 1014 fenestram
909 976 1164 1025 accipiebam
1206 976 1368 1014 radium
1406 977 1503 1015 lune
1543 988 1671 1015 manu

252 1038 290 1073 et
331 1047 500 1073 carmen
542 1047 681 1073 meum
722 1035 882 1084 sepcies
923 1036 1124 1082 dicebam,
1168 1036 1327 1074 scilicet
1368 1037 1586 1083 “sazolem”,
1630 1040 1670 1074 et

250 1095 308 1133 ita
327 1094 631 1133 descendebam
651 1095 741 1133 sine
759 1095 943 1144 periculo
964 1098 1003 1133 et
1021 1095 1217 1145 quicquid
1236 1096 1469 1144 preciosum
1490 1096 1669 1134 inuenie-

250 1154 346 1192 bam
387 1154 430 1192 in
469 1154 593 1193 domo
633 1155 856 1193 corradens
897 1155 1111 1193 sumebam
1123 1169 1132 1202 ;
1175 1157 1215 1193 et
1252 1155 1330 1193 hoc
1369 1156 1479 1193 facto
1519 1156 1670 1194 iterum

251 1214 302 1251 ad
335 1214 496 1259 radium
527 1214 749 1252 ueniebam
780 1215 877 1252 lune
910 1217 949 1252 et
980 1214 1125 1253 eodem
1154 1215 1337 1253 carmine
1367 1215 1527 1264 sepcies
1558 1215 1668 1254 dicto

250 1285 343 1311 cum
370 1273 561 1312 omnibus
586 1274 630 1311 in
651 1274 775 1312 domo
800 1274 973 1323 sumptis
999 1274 1275 1312 ascendebam
1299 1277 1340 1313 et
1362 1274 1472 1325 quod
1496 1275 1668 1314 sustule-

254 1344 341 1369 ram
382 1331 433 1369 ad
475 1332 709 1380 hospicium
748 1332 997 1370 deferebam.
1062 1332 1150 1370 Tali
1191 1332 1355 1381 ingenio
1395 1333 1504 1371 hunc
1547 1344 1668 1382 quem

249 1393 443 1441 possideo
477 1405 649 1431 censum
681 1393 827 1431 habeo.
873 1394 926 1431 At
957 1394 1105 1432 mulier
1138 1393 1215 1432 ait:
1248 1394 1359 1432 Bene
1390 1393 1526 1432 fecisti
1558 1394 1668 1444 quod

250 1452 374 1489 michi
405 1452 505 1490 talia
534 1453 696 1499 dixisti;
728 1465 824 1490 nam
853 1453 1018 1503 quando
1047 1453 1177 1491 filium
1207 1454 1402 1499 habuero,
1434 1466 1485 1491 ne
1512 1465 1669 1502 pauper

251 1510 383 1559 degat,
409 1511 486 1548 hoc
511 1522 678 1548 carmen
701 1510 869 1548 docebo.
918 1511 970 1548 At
993 1511 1184 1549 dominus
1209 1511 1362 1560 inquit:
1387 1512 1580 1550 Permitte
1602 1524 1668 1549 me

249 1571 398 1610 amodo
420 1571 612 1619 dormire,
638 1573 835 1622 quoniam
857 1585 1031 1621 sompno
1054 1575 1300 1621 aggrauatus
1322 1573 1418 1611 uolo
1442 1573 1665 1622 quiescere.

202 1639 215 1667 ἕ
249 1630 297 1668 Et
329 1634 374 1668 ut
404 1631 535 1680 magis
567 1631 787 1680 deciperet,
821 1632 941 1682 quasi
972 1632 1180 1670 dormiens
1213 1635 1384 1671 stertere
1415 1632 1533 1680 cepit.
1577 1632 1666 1670 Per-

249 1690 378 1739 ceptis
415 1691 594 1740 denique
629 1691 784 1730 talibus
820 1691 959 1730 uerbis
994 1692 1061 1729 fur
1096 1692 1218 1729 nimis
1255 1691 1349 1729 inde
1386 1691 1553 1741 gauisus
1591 1695 1664 1738 est,

250 1752 288 1787 et
330 1750 439 1788 dicto
481 1751 642 1799 sepcies
686 1751 868 1789 carmine
910 1754 951 1789 et
991 1754 1205 1799 assumpto
1245 1763 1371 1789 manu
1413 1751 1528 1789 radio
1569 1751 1666 1790 lune

249 1809 399 1847 laxatis
421 1810 613 1848 manibus
636 1813 675 1848 et
693 1810 866 1859 pedibus
888 1822 960 1859 per
978 1810 1203 1849 fenestram
1224 1811 1266 1848 in
1284 1811 1452 1849 domum
1472 1823 1666 1860 magnum

252 1867 414 1906 faciens
437 1881 589 1907 sonum
612 1869 764 1907 cecidit
787 1872 827 1907 et
849 1869 983 1907 fracto
1007 1882 1127 1915 crure
1151 1872 1192 1907 et
1213 1870 1386 1908 brachio
1409 1871 1662 1920 congemuit.

251 1926 303 1964 At
332 1926 526 1964 dominus
558 1926 706 1964 domus
740 1927 859 1976 quasi
892 1925 1082 1965 nesciens
1116 1927 1267 1976 inquit:
1301 1927 1361 1965 Tu
1393 1928 1484 1977 quis
1519 1940 1562 1966 es
1596 1928 1666 1978 qui

248 1987 306 2024 ita
341 1987 556 2025 cecidisti?
604 1987 666 2025 Ad
700 1988 775 2026 hec
809 1988 935 2026 latro:
971 1988 1053 2037 Ego
1088 2001 1179 2027 sum
1214 1989 1282 2027 ille
1315 1989 1382 2027 fur
1415 1989 1560 2027 infelix
1594 1989 1664 2039 qui

248 2046 329 2085 tuis
368 2047 523 2085 credidi
559 2047 779 2086 fallacibus
816 2047 949 2086 dictis.
986 2069 1036 2074 —
1073 2048 1135 2086 Ad
1172 2048 1246 2086 hec
1283 2048 1414 2086 filius:
1451 2048 1510 2086 Tu
1547 2049 1664 2087 bene-

247 2106 412 2152 dicaris,
453 2106 650 2156 quoniam
688 2107 834 2146 dolosa
873 2107 1073 2145 edocuisti
1111 2120 1176 2145 me
1214 2108 1347 2146 uitare
1383 2108 1568 2146 consilia.

330 2166 605 2215 Philosophus
635 2166 713 2204 ait:
744 2167 855 2206 Caue
883 2167 1102 2205 consilium
1130 2167 1322 2214 azimum,
1350 2168 1481 2206 donec
1509 2168 1564 2206 sit
1589 2168 1663 2206 fer-

251 2227 497 2263 mentatum.
529 2248 579 2251 —
610 2226 752 2264 Alius:
784 2227 843 2264 Ne
875 2227 1021 2264 credas
1053 2227 1278 2265 consilium
1309 2227 1519 2266 monentis
1553 2228 1663 2277 quod

248 2284 423 2333 deneges
465 2285 640 2324 alicuius
680 2285 953 2332 benefactum,
995 2286 1191 2336 quoniam
1228 2286 1297 2336 qui
1335 2286 1509 2335 denegat
1546 2286 1661 2324 bene-

247 2343 402 2381 factum
433 2355 571 2382 coram
601 2345 731 2383 oculis
762 2345 901 2383 omnia
929 2345 1134 2383 cernentis
1164 2358 1208 2384 se
1237 2348 1415 2384 accusat.
1445 2367 1495 2371 —
1523 2345 1660 2384 Alius:

249 2402 292 2440 Si
330 2402 458 2441 fueris
499 2403 542 2441 in
582 2404 721 2454 aliquo
760 2404 880 2450 bono,
921 2417 972 2442 ne
1009 2417 1155 2454 pecces
1196 2417 1328 2451 serua,
1369 2404 1564 2454 quoniam
1602 2417 1660 2442 se-

247 2462 418 2510 pissime
459 2463 685 2501 maximum
727 2464 1020 2502 comminuitur
1059 2465 1213 2503 bonum
1251 2465 1319 2503 uel
1360 2464 1569 2502 amittitur.
1610 2486 1660 2490 —
