1790 2857
140 446 163 478 Οἳ

119 744 164 778 10

121 1038 163 1071 15

151 1367 155 1368 ⁷
204 1331 500 1380 Exemplum
513 1331 595 1370 XI:
615 1297 683 1384 R

188 198 369 237 hostium
403 198 597 247 pulsauit.
645 198 693 235 Et
725 210 976 247 consurgens
1010 198 1156 236 mulier
1188 210 1357 247 procum
1391 199 1607 237 abscondit

190 261 228 296 et
260 258 441 296 hostium
472 262 617 306 postea
648 258 815 295 domino
847 257 1018 305 aperuit.
1064 257 1140 306 Qui
1172 262 1392 308 postquam
1423 259 1604 305 intrauit,

188 320 233 355 ut
256 318 386 356 lectus
409 317 488 354 sibi
511 320 724 365 pararetur
745 317 945 365 precepit,
970 329 1065 354 nam
1088 317 1300 367 quiescere
1322 319 1487 356 uolebat
1509 318 1607 368 quia

189 378 324 416 lassus
363 379 460 414 erat.
508 377 689 413 Turbata
723 377 869 413 mulier
904 376 1109 414 dubitauit
1143 377 1240 426 quid
1274 377 1439 415 faceret.
1488 377 1605 426 Quod

188 437 334 474 uidens
360 438 510 474 mater:
536 436 595 473 Ne
618 436 803 482 festines,
829 436 973 485 inquit,
998 436 1095 482 filia,
1120 437 1271 473 lectum
1294 449 1450 485 parare,
1475 437 1605 475 donec

189 499 465 534 monstremus
487 496 635 533 marito
658 500 726 533 tuo
747 496 947 533 lintheum
969 496 1078 545 quod
1097 496 1283 534 fecimus.
1317 497 1365 534 Et
1386 497 1605 534 extrahens

190 556 390 594 lintheum
420 555 562 592 uetula
592 558 792 604 quantum
822 555 953 603 potuit
982 567 1111 592 unum
1140 567 1268 592 cornu
1298 555 1407 593 illius
1438 556 1607 594 sustulit

191 618 228 653 et
259 616 432 653 alterum
462 614 545 652 filie
574 615 877 652 subleuandum
907 614 1029 652 dedit.
1071 614 1221 664 Sicque
1251 614 1405 652 lintheo
1435 620 1606 654 extenso

189 675 358 713 delusus
405 677 466 712 est
509 675 696 721 maritus,
742 686 958 724 quousque
1016 674 1085 723 qui
1129 675 1306 712 latuerat
1349 675 1606 723 egrederetur

190 735 358 772 amicus.
402 734 514 772 Tunc
545 734 601 771 ait
630 734 777 772 mulier
806 734 888 771 filie
917 747 1011 772 sue:
1042 734 1226 771 Extende
1254 734 1455 771 lintheum
1484 747 1607 783 super

188 796 339 832 lectum
366 794 503 831 mariti
530 794 601 840 tui,
629 794 725 843 quia
750 794 941 831 manibus
969 793 1049 831 tuis
1077 796 1116 831 et
1140 793 1243 830 meis
1270 796 1332 831 est
1356 796 1604 832 contextum.

191 852 263 891 Cui
305 854 499 891 maritus:
542 854 591 890 Et
631 857 686 899 tu,
726 853 906 899 domina,
949 853 1029 891 scis
1070 854 1151 890 tale
1190 853 1392 890 lintheum
1430 857 1605 902 parare?

189 914 236 950 Et
272 914 362 951 illa:
399 913 430 951 Ο
465 913 535 959 fili,
570 913 700 950 inulta
733 912 970 950 huiusmodi
1004 913 1160 961 paraui.

270 973 331 1010 Ad
372 973 448 1010 hec
488 973 737 1021 discipulus:
778 972 965 1010 Mirabile
1005 972 1103 1022 quid
1143 972 1305 1018 audiui,-
1345 972 1417 1010 sed
1457 972 1607 1010 uellem

189 1035 232 1071 ut
255 1033 432 1081 amplius
456 1045 521 1070 me
542 1033 781 1078 instrueres,
805 1032 901 1081 quia
924 1035 1078 1081 quanto
1099 1032 1191 1080 plus
1214 1032 1422 1080 ingenium
1445 1032 1607 1069 illarum

190 1092 369 1138 attendo,
401 1095 514 1130 tanto
543 1093 672 1141 magis
702 1092 753 1129 ad
781 1092 861 1129 mei
888 1092 1120 1130 custodiam
1149 1104 1338 1129 exacuor.
1381 1091 1610 1140 Respondit

189 1152 403 1201 magister:
449 1152 592 1190 Adhuc
635 1152 809 1189 tercium
854 1151 925 1189 tibi
969 1151 1115 1198 dicam,
1159 1154 1199 1189 et
1240 1151 1298 1190 sic
1344 1151 1415 1189 tibi
1458 1151 1509 1188 ad
1552 1151 1607 1188 in-

189 1212 464 1261 struccionem
488 1212 677 1260 exempla
699 1214 839 1249 nostra
860 1210 1078 1249 sufficient.
1113 1211 1369 1259 Discipulus:
1391 1210 1441 1248 Vt
1461 1211 1606 1259 placet.

686 1300 836 1337 elatum
864 1303 938 1346 est,
964 1300 1110 1349 inquit,
1135 1300 1282 1338 iterum
1308 1300 1416 1349 quod
1441 1299 1610 1348 quidam

706 1359 972 1408 proficiscens
1011 1372 1177 1408 peregre
1216 1359 1421 1398 commisit
1470 1359 1606 1397 coniu-

615 1432 704 1468 gem
744 1432 863 1457 suani
902 1420 1038 1458 socrui
1078 1431 1151 1458 sue
1189 1419 1448 1457 seruandam.
1499 1419 1608 1457 onr

190 1481 327 1516 autem
371 1479 477 1516 clam
522 1479 715 1517 iuuenem
759 1479 964 1528 quendam
1008 1480 1175 1525 amauit,
1221 1479 1329 1528 quod
1370 1491 1444 1517 sue
1486 1478 1607 1516 matri

189 1538 375 1587 protinus
420 1538 631 1576 indicauit.
689 1539 763 1576 Illa
804 1551 904 1576 uero
947 1539 1076 1576 amori
1119 1539 1330 1577 consensit
1382 1541 1608 1587 paratoque

189 1598 384 1636 conuiuio
437 1598 586 1636 asciuit
624 1599 829 1636 iuuenem.
895 1598 1053 1647 Quibus
1104 1598 1365 1647 epulantibus
1415 1597 1607 1635 dominus

268 1390 328 1428 De
360 1391 521 1440 gladio.

143 1687 149 1693 .
189 1658 362 1695 ueniens
399 1658 568 1696 ianuam
604 1658 796 1707 pulsauit.
847 1658 1034 1696 Surrexit
1067 1658 1207 1707 itaque
1241 1670 1345 1695 uxor
1380 1660 1419 1695 et
1451 1657 1609 1694 dimisit

190 1718 383 1755 maritum
422 1718 587 1755 intrare.
640 1718 720 1755 Sed
758 1721 890 1755 mater
926 1730 1019 1755 cum
1058 1717 1217 1755 amasio
1253 1717 1337 1755 filie
1375 1728 1606 1762 remanens,

191 1777 287 1826 quia
322 1778 437 1815 locus
470 1778 542 1815 ubi
576 1777 898 1815 absconderetur
930 1789 1013 1815 non
1046 1780 1144 1823 erat,
1179 1776 1277 1826 quid
1309 1776 1464 1814 faceret
1494 1775 1607 1813 dubi-

190 1837 304 1874 tauit.
353 1837 432 1874 Sed
465 1837 563 1874 dum
596 1837 682 1874 filia
713 1849 789 1874 sua
821 1837 999 1885 aperiret
1030 1837 1211 1874 hostium
1243 1836 1403 1882 marito,
1437 1835 1609 1884 arripuit

190 1897 330 1934 uetula
374 1896 529 1934 nudum
572 1896 752 1945 gladium
795 1899 834 1934 et
874 1896 1081 1934 commisit
1121 1895 1279 1933 amasio
1320 1895 1522 1944 iussitque
1563 1898 1609 1932 ut

152 1960 158 1991 ζ
191 1958 286 1994 ante
312 1956 492 1994 hostium
517 1956 561 1993 in
584 1956 753 1994 introitu
778 1956 913 1993 mariti
938 1955 1020 1993 filie
1046 1967 1119 1994 sue
1144 1955 1285 1993 stricto
1310 1955 1443 2004 gladio
1468 1956 1606 2000 staret,

193 2019 230 2052 et
257 2016 290 2053 si
317 2015 472 2065 aliquid
498 2016 533 2053 ei
559 2016 732 2054 maritus
756 2016 1004 2064 loqueretur,
1032 2015 1157 2052 nichil
1183 2014 1458 2063 responderet.
1497 2014 1610 2052 Fecit

195 2077 240 2112 ut
273 2075 468 2113 iusserat.
515 2075 748 2124 Hostioque
782 2078 928 2124 aperto
961 2077 1007 2112 ut
1039 2075 1159 2112 illum
1192 2074 1369 2112 maritus
1404 2074 1464 2112 sic
1497 2076 1609 2112 stare

191 2134 306 2180 uidit,
332 2135 516 2172 substitit
539 2138 598 2172 et:
622 2134 735 2183 Quis,
759 2134 904 2184 inquit,
928 2136 971 2171 tu
995 2137 1068 2172 es‘?
1105 2133 1194 2182 Quo
1216 2146 1299 2171 non
1321 2132 1606 2182 respondente,

192 2206 284 2230 cum
315 2195 495 2242 primum
525 2194 819 2242 obstupuisset,
852 2197 948 2231 tunc
977 2193 1107 2242 magis
1138 2193 1338 2231 extimuit.
1382 2192 1610 2241 Respondit

193 2253 301 2290 intus
328 2254 490 2291 uetula:
518 2252 620 2291 Care
645 2266 779 2303 gener,
806 2257 907 2300 tace,
934 2266 984 2291 ne
1010 2253 1160 2302 aliquis
1186 2256 1224 2290 te
1250 2252 1408 2290 audiat!
1448 2252 1509 2289 Ad
1532 2252 1607 2288 hec

193 2313 261 2350 ille
303 2313 432 2361 magis
477 2313 654 2351 mirans:
700 2313 805 2362 Quid
847 2313 924 2351 hoc
968 2315 1042 2359 est,
1084 2312 1230 2362 inquit,
1274 2324 1370 2350 cara
1410 2310 1606 2349 domina?

191 2372 303 2409 Tunc
347 2373 514 2410 mulier:
559 2373 671 2411 Bone
713 2373 784 2419 fili,
827 2375 1025 2410 venerant
1066 2373 1146 2419 huc
1187 2374 1269 2409 tres
1312 2372 1606 2420 persequentes

193 2431 329 2478 istum,
368 2434 407 2469 et
443 2444 517 2470 nos
554 2435 696 2481 aperto
731 2432 866 2470 hostio
902 2433 1011 2469 hunc
1046 2443 1140 2469 cum
1175 2443 1251 2469 suo
1286 2430 1420 2480 gladio
1455 2429 1607 2466 intrare

192 2491 468 2540 permisimus,
509 2492 638 2530 donec
677 2492 935 2530 discederent
974 2491 1044 2541 qui
1081 2491 1196 2528 illum
1235 2489 1462 2528 interficere
1498 2488 1607 2526 uole-

288 2577 334 2610 20
359 2586 504 2620 peregre
529 2577 629 2618 fehlt.
658 2596 700 2600 —
728 2578 772 2611 23
799 2576 936 2611 indidit.
