1790 2857
836 65 1107 103 —48ffl

818 184 919 221 [tem
938 183 1047 222 filius
1063 198 1069 221 :
1088 184 1231 222 Mortis
1251 196 1382 222 nexus
1402 183 1541 233 aliquo
1559 182 1682 221 modo

758 244 898 293 fugere
923 243 1179 293 poterimus?
1215 243 1356 282 Pater:
1380 243 1561 289 Minime,
1587 255 1683 292 quo-

263 305 375 343 niam
405 305 516 343 illius
546 303 788 342 incurabilis
820 306 882 342 est
909 315 1072 341 morsus
1102 314 1176 341 nec
1205 302 1376 341 medicis
1406 303 1562 341 artibus
1593 302 1680 340 eius

263 377 412 403 auaras
448 364 655 413 fugiemus
691 375 853 401 manus.
902 363 1052 401 Filius:
1090 362 1305 412 Quomodo
1342 374 1435 411 ergo
1470 374 1522 400 ne
1558 362 1680 400 nimis

214 426 236 459 5
261 425 372 463 ledat
416 424 746 463 sustinebimus?
802 423 943 461 Pater:
988 422 1068 461 Fac
1112 422 1220 460 sicut
1261 421 1361 460 dicit
1402 421 1679 460 uersificator:

440 494 546 538 Quod
577 494 702 528 uitare
733 492 866 537 nequis
899 491 1086 526 constanti
1120 491 1265 526 sustine
1297 493 1443 526 mente!

439 548 500 582 Sic
531 558 602 592 que
632 547 727 581 dura
756 547 829 581 fuit
858 557 958 580 mors
990 545 1056 580 tibi
1086 545 1190 579 mitis
1222 545 1304 580 erit.

389 217 452 255 De
482 216 637 253 morte.

828 625 953 663 ictum
1003 627 1065 662 est
1109 625 1161 662 de
1208 623 1389 674 quodam
1433 623 1680 672 philosopho

851 684 960 734 quod
989 696 1062 733 per
1091 684 1307 733 antiquum
1335 683 1542 721 transiens
1570 683 1680 721 cirni-

755 745 902 783 terium
920 744 1120 783 laminam
1137 743 1243 782 uidit
1258 754 1532 782 marmoream
1548 744 1679 781 cuius-

755 803 852 840 dam
897 801 1050 839 mortui
1099 801 1306 839 cineribus
1354 800 1678 850 superpositam3

757 862 829 900 sed
854 861 897 899 in
922 873 972 900 ea
993 873 1144 900 uersus
1166 860 1354 909 inscripti
1378 861 1506 899 uerba
1531 860 1682 909 sepulti

261 921 591 969 pretereuntibus
629 922 835 971 loquentis
876 921 1163 970 exprimebant
1198 921 1275 958 hoc
1314 920 1458 958 modo:

289 656 513 705 Exempl.
536 657 727 696 XXXII:
760 625 824 712 D

192 739 235 772 10
331 715 391 752 De
423 716 680 765 philosopho

323 786 402 823 per
434 775 699 814 cimiterium

366 834 642 874 transeunte.

548 996 602 1029 Tu
634 1006 749 1039 prope
782 995 845 1039 qui
880 993 1019 1028 transis
1051 1004 1119 1028 nec
1151 993 1246 1027 dicis
1279 994 1439 1027 ‘aveto!'
1474 992 1619 1034 resiste,

548 1049 712 1083 Auribus
743 1050 780 1082 et
809 1048 932 1082 cordis
960 1048 1030 1081 hec
1059 1059 1142 1082 mea
1172 1047 1273 1081 dicta
1304 1050 1413 1081 tene:

549 1103 638 1137 Sum
671 1102 769 1147 quod
803 1102 902 1143 eris‚·
937 1102 1034 1147 quod
1068 1112 1120 1143 es,
1153 1101 1234 1145 ipse
1268 1101 1333 1141 tui,
1367 1100 1512 1134 derisor
1545 1110 1672 1134 amare

551 1157 686 1198 Mortis,
723 1156 808 1190 dum
841 1156 941 1189 licuit
974 1165 1064 1199 pace
1095 1155 1244 1189 iuuante
1276 1154 1357 1188 frui.

546 1209 619 1243 Sed
650 1209 825 1243 ueniente
856 1218 947 1242 nece
979 1210 1178 1252 postquam
1209 1218 1291 1241 sum
1324 1209 1454 1251 raptus
1486 1205 1617 1240 amicis

545 1264 666 1307 Atque
696 1262 790 1296 meis
822 1261 986 1303 famulis,
1019 1261 1111 1295 orba
1141 1264 1296 1305 parente
1327 1260 1459 1294 domus

184 1322 231 1355 ⁶20
544 1317 601 1351 Me
632 1317 798 1350 contexit
828 1317 941 1350 humo
971 1315 1258 1359 deplorauitque
1289 1314 1473 1348 iacentem

546 1371 661 1415 Inque
690 1381 793 1404 meos
823 1370 968 1404 cineres
999 1369 1131 1403 ultima
1160 1369 1257 1403 dona
1287 1368 1400 1402 dedit.

544 1426 632 1459 Inde
665 1426 737 1460 mei
770 1425 899 1459 uultus
931 1424 1090 1459 corrosit
1123 1426 1222 1458 terra
1255 1423 1414 1457 nitorem

545 1481 698 1525 Queque
730 1480 802 1514 fuit
834 1480 951 1514 forme
983 1479 1101 1524 gloria
1132 1489 1266 1522 magna
1298 1477 1405 1511 iacet.

543 1535 675 1579 Meque
705 1534 824 1568 fuisse
855 1533 979 1567 uirum
1010 1543 1176 1577 nequeas
1207 1542 1420 1576 agnoscere,
1452 1530 1483 1564 si
1514 1530 1590 1564 iam

184 1593 228 1625 05
539 1588 594 1621 Ad
623 1588 748 1621 uisum
778 1587 884 1621 fuero
914 1587 1010 1620 forte
1040 1588 1202 1619 retectus
1232 1585 1356 1618 humo.

543 1642 637 1685 Ergo
665 1640 775 1675 deum
803 1651 870 1685 pro
897 1651 955 1674 me
983 1650 1066 1674 cum
1094 1650 1190 1684 pura
1216 1641 1339 1672 mente
1368 1646 1532 1682 precare,

540 1695 586 1729 Vt
616 1695 728 1729 michi
760 1698 942 1739 perpetua
972 1705 1063 1738 pace
1095 1693 1169 1727 frui
1202 1693 1355 1726 tribuat.

539 1749 581 1781 Et
614 1749 839 1793 quicumque
871 1750 1002 1791 rogant
1033 1758 1099 1791 pro
1130 1757 1199 1788 me,
1232 1746 1437 1789 comportet
1467 1743 1506 1777 in
1539 1753 1663 1783 unum,

542 1802 588 1836 Vt
614 1813 759 1836 mecum
785 1804 963 1835 maneant
989 1800 1028 1835 in
1056 1800 1205 1843 regione
1233 1798 1319 1842 poli.

181 1864 228 1898 30
254 1857 433 1895 Relectis
470 1857 619 1894 iterum
655 1859 695 1894 et
728 1856 879 1894 iterum
909 1855 1101 1893 uersibus
1137 1853 1240 1898 istis,
1276 1851 1531 1890 secularibus
1567 1853 1672 1899 post-

253 1917 412 1966 positis,
446 1916 581 1954 factus
616 1919 678 1954 est
709 1915 912 1953 heremita
942 1914 1226 1963 philosophus.

212 1048 232 1081 5
257 1012 401 1051 Verba
412 1024 520 1051 mor-

212 1070 218 1077 '
281 1072 348 1110 tui
371 1073 511 1111 cuius-

345 1132 454 1172 dam.

839 2011 902 2036 em
934 1998 1090 2035 dictum
1122 2000 1185 2034 est
1214 1996 1264 2034 de
1295 1994 1531 2033 Alexandro
1563 1992 1672 2043 quod

271 2029 723 2080 ExemP1·XXXIH²
778 1994 1057 2107 Itsepultura
1101 2057 1189 2094 eius
1232 2056 1338 2094 foret
1381 2066 1506 2092 aurea
1549 2059 1588 2091 et
1629 2053 1673 2090 in

388 2090 449 2128 De
482 2102 614 2157 aurea
748 2118 891 2167 peruio
921 2117 1112 2155 omnibus
1141 2115 1245 2154 atrio
1272 2114 1418 2163 posita.
1458 2113 1520 2151 Ad
1548 2124 1672 2163 quam

181 2192 227 2226 35
336 2150 574 2248 Alexalssdn
604 2160 667 2187 se·
747 2177 913 2226 plurimi
938 2178 1220 2215 conuenerunt
1243 2173 1490 2223 philosophi,
1514 2173 1564 2210 de
1587 2171 1671 2222 qui-

407 2221 464 2259 pu
503 2221 597 2247 ura'
748 2238 823 2275 bus
857 2237 914 2275 ait
941 2249 1072 2274 unus:
1102 2234 1336 2273 Alexander
1366 2246 1417 2271 ex
1446 2244 1545 2271 auro
1574 2231 1672 2269 fecit

250 2297 513 2335 thesaurum:
535 2309 643 2335 nunc
663 2310 683 2335 e
710 2309 912 2335 conuerso
930 2308 1077 2335 aurum
1092 2295 1144 2333 de
1163 2307 1211 2333 eo
1228 2294 1328 2332 facit
1345 2294 1598 2331 thesaurum.
1617 2311 1666 2316 -—

251 2356 389 2394 Alius:
418 2357 515 2395 Heri
542 2360 653 2395 totus
681 2369 764 2395 non
791 2356 1026 2395 sufficiebat
1052 2355 1089 2393 ei
1116 2354 1315 2392 mundus:
1344 2352 1466 2391 hodie
1493 2354 1668 2401 quatuor

251 2416 340 2455 sole
378 2416 590 2454 sufficiunt
627 2417 663 2454 ei
699 2417 808 2454 ulne.
845 2438 895 2442 —
931 2415 1069 2453 Alius:
1105 2414 1203 2452 Heri
1239 2413 1391 2462 populo
1427 2408 1665 2459 imperauit:

179 2481 226 2514 40
251 2475 374 2515 hodie
405 2477 582 2525 populus
614 2476 790 2525 imperat
820 2475 890 2513 illi.
922 2496 972 2501 —
1003 2475 1140 2512 Alius:
1172 2473 1268 2511 Heri
1300 2471 1450 2510 multos
1480 2469 1613 2519 potuit
1644 2480 1667 2506 a

346 2566 368 2599 4
393 2566 500 2600 duras
527 2577 668 2600 manus.
