1790 2857
184 705 226 738 10

183 1010 226 1043 15

185 2504 231 2537 40

822 50 1097 87 -Qss—

251 167 437 206 inuenire
471 168 636 217 poteris,
672 167 779 206 scias
815 168 951 206 oleum
984 180 1067 206 non
1097 168 1227 206 fuisse
1259 169 1451 207 furatum.
1498 161 1665 208 Iusticia

250 228 325 266 hec
365 228 536 266 audiens
577 227 838 265 confirmauit
877 227 1086 273 iudicium,
1124 228 1361 278 factumque
1401 233 1462 267 est
1498 229 1566 267 ita.
1617 230 1667 267 Et

250 287 328 325 hoc
361 287 483 325 inodo
516 287 679 324 iuuenis
713 287 847 325 euasit
878 299 1003 324 sensu
1034 287 1282 336 philosophi.
1327 289 1471 326 Finitis
1503 289 1664 337 placitis

251 347 413 385 iuuenis
454 347 701 395 philosopho
741 349 873 395 grates
913 347 1099 384 reddidit.
1150 347 1262 384 Tunc
1300 348 1570 397 philosophus
1609 349 1667 386 ait

251 407 330 444 illi:
356 406 633 455 Nunquamne
656 406 756 443 illud
778 406 1013 455 philosophi
1039 406 1210 444 audisti:
1234 407 1325 444 Non
1349 419 1460 445 emas
1484 408 1664 454 domuin,

251 469 473 515 antequam
514 478 739 514 cognoscas
778 466 993 503 uicinum?
1046 466 1107 503 Ad
1146 466 1220 504 hec
1261 466 1445 504 iuuenis:
1484 467 1667 505 Primum

251 526 471 563 habuimus
509 525 690 571 domum,
731 528 952 575 antequam
990 526 1105 563 iuxta
1141 538 1217 563 nos
1252 526 1541 574 hospitaretur.
1592 525 1666 564 Cui

250 585 543 634 philosophus:
580 585 761 622 Primum
796 585 954 623 uendas
989 585 1157 623 domum
1191 597 1316 634 quam
1348 598 1517 623 maneas
1548 578 1666 624 iuxta

251 645 406 682 malum
435 645 632 682 uicinum.
663 666 713 670 —
742 644 997 693 Discipulus:
1027 645 1124 682 Tale
1152 645 1348 682 iudicium
1378 648 1546 693 apparet
1576 658 1666 684 0550

251 704 499 753 philosophi,
533 706 571 742 et
599 704 676 742 1100
707 707 769 742 est
798 704 933 753 gracia
959 705 1027 742 dei
1057 708 1096 742 et
1125 705 1270 742 merito
1298 708 1471 742 uocatus
1502 708 1561 742 est
1590 706 1666 743 hoc

254 762 421 800 1101111110
450 762 663 799 Auxilium
693 762 948 800 Miserorum.
979 784 1029 787 —
1060 763 1159 799 Item
1191 762 1439 810 discipulus:
1471 762 1556 801 Etsi
1586 763 1668 800 iam

252 824 391 861 audita
416 827 553 861 mente
577 823 760 869 sedeant,
786 823 836 861 ad
860 824 1111 861 audiendum
1133 825 1252 872 plura
1277 824 1459 861 animum
1484 824 1666 861 incitant.

251 883 443 932 Magister
477 883 631 932 inquit:
665 883 858 920 Libenter
890 883 962 920 tibi
994 883 1140 921 dicam.
1187 884 1234 921 Et
1267 883 1323 921 sic
1358 883 1520 932 incipit:

266 985 487 1034 Exempl.
510 985 654 1026 XVII:
678 951 741 1038 D

353 1045 414 1082 De
447 1057 577 1083 aureo

355 1105 572 1153 serpente.

748 955 873 992 ictum
910 955 987 992 11111
1026 955 1076 992 (10
1114 955 1293 1004 quodam
1330 955 1458 992 diuite
1496 955 1538 992 111
1574 955 1669 992 01111-

770 1018 896 1052 tatem
932 1018 1052 1052 eunte
1086 1015 1195 1064 quod
1228 1015 1439 1055 sacculum
1471 1015 1582 1052 mille
1615 1019 1668 1052 ta-

679 1075 799 1112 lentis
837 1075 1003 1123 plenum
1040 1075 1217 1112 deterret
1253 1086 1393 1112 50011111
1429 1078 1467 1112 01
1503 1075 1670 1123 insuper

679 1146 850 1171 aureum
894 1137 1126 1182 serpentem
1171 1135 1311 1172 oculos
1355 1134 1576 1171 habentem
1618 1134 1670 1171 ia—

256 1190 457 1228 cinctinos
500 1191 543 1228 in
586 1192 752 1228 sacculo
797 1191 952 1229 eodem.
1022 1191 1139 1240 Quod
1182 1195 1311 1229 totum
1354 1192 1476 1229 simul
1519 1191 1667 1229 amisit.

255 1252 431 1300 Quidam
473 1265 573 1290 uero
617 1265 774 1301 pauper
816 1253 892 1291 iter
932 1253 1090 1290 taciens
1134 1253 1235 1290 illud
1277 1253 1435 1290 inuenit
1475 1253 1670 1302 deditque

253 1312 372 1349 uxori
403 1315 441 1349 et
470 1312 676 1361 quomodo
705 1313 937 1350 inuenisset
964 1313 1101 1350 retulit
1130 1312 1177 1350 ei.
1219 1313 1364 1350 Mulier
1392 1313 1468 1350 1100
1498 1312 1681 1350 audiens

254 1371 330 1408 ait:
375 1370 492 1420 Quod
532 1372 634 1409 deus
676 1371 801 1419 dedit,
843 1372 1146 1410 custodiamus!
1201 1372 1293 1410 Alia
1333 1372 1398 1410 die
1438 1384 1560 1421 preco
1600 1384 1672 1420 per

254 1431 366 1468 uiam
408 1432 464 1469 ita
505 1432 723 1469 clamando
765 1432 964 1480 perrexit:
1007 1432 1085 1480 Qui
1127 1432 1250 1470 talem
1289 1443 1459 1469 censum
1500 1431 1669 1477 inuenit,

255 1491 397 1528 reddat
438 1494 477 1528 et
529 1491 686 1540 absque
726 1492 865 1540 aliquo
915 1492 1129 1530 forisfacto
1169 1494 1335 1529 0011111111
1386 1492 1537 1529 talenta
1578 1491 1671 1529 inde

257 1550 433 1588 habeat!
466 1551 551 1588 Hoc
568 1550 745 1589 audiens
763 1550 959 1589 inuentor
974 1563 1127 1589 census
1144 1551 1250 1588 dixit
1266 1551 1410 1589 uxori:
1428 1551 1669 1589 Reddamus

214 1622 218 1623 ⁷
255 1621 437 1655 censum,
491 1613 529 1647 et
568 1610 725 1659 absque
764 1610 903 1659 aliquo
952 1613 1121 1659 peccato
1172 1613 1336 1648 centum
1374 1611 1527 1647 talenta
1576 1610 1671 1646 inde

255 1669 519 1706 habebimus!
562 1669 623 1706 Ad
652 1670 725 1707 1100
754 1670 922 1707 mulier:
952 1670 994 1708 Si
1021 1669 1123 1708 deus
1151 1669 1352 1707 uoluisset
1381 1681 1474 1707 eum
1501 1681 1670 1707 censum

254 1728 418 1774 habere,
460 1741 542 1767 non
580 1729 800 1767 amisisset.
853 1729 970 1778 Quod
1005 1729 1107 1767 deus
1145 1729 1327 1774 donauit,
1366 1728 1668 1766 custodiamus!

255 1788 449 1826 Inuentor
486 1800 635 1827 census
673 1788 781 1838 quod
818 1789 1055 1827 redderetur
1090 1789 1306 1834 laborauit,
1343 1792 1386 1826 at
1419 1788 1509 1837 ipsa
1546 1788 1670 1825 omni-

255 1848 376 1885 modo
415 1848 645 1897 denegauit.
696 1848 746 1885 Et
783 1852 921 1886 tamen
956 1849 1083 1886 uellet
1118 1848 1246 1885 nollet
1281 1848 1440 1893 mulier,
1478 1847 1669 1885 dominus

184 1933 221 1941 ‚⁷
256 1907 431 1944 reddidit
470 1910 510 1945 et
548 1908 657 1957 quod
695 1920 817 1956 preco
855 1908 1100 1956 promiserat
1139 1907 1319 1956 expetiit.
1371 1907 1494 1945 Diues
1534 1911 1673 1944 autem

255 1967 400 2015 plenus
436 1967 626 2016 nequicie
659 1967 736 2004 ait:
770 1967 913 2004 Adhuc
947 1967 1073 2004 alium
1106 1970 1337 2015 serpentem
1370 1967 1494 2004 11110111
1527 1966 1672 2004 deesse

259 2025 412 2062 sciatis.
470 2025 557 2062 Hoc
593 2037 722 2073 praua
756 2025 991 2063 intencione
1026 2024 1197 2070 dicebat,
1232 2029 1277 2062 ut
1311 2024 1481 2073 pauperi
1516 2024 1672 2061 1101111111

255 2086 410 2124 talenta
444 2098 527 2124 non
559 2086 746 2124 redderet
776 2087 992 2135 promissa.
1038 2087 1196 2134 Pauper
1226 2098 1326 2123 uero
1359 2098 1402 2123 se
1434 2086 1560 2123 11101111
1592 2097 1671 2123 am-

255 2145 362 2193 plius
402 2146 615 2184 inuenisse
651 2145 824 2183 dicebat.
876 2146 928 2183 At
963 2146 1150 2184 11011111105
1189 2145 1369 2183 ciuitatis
1406 2145 1515 2182 illius
1552 2145 1671 2182 diuiti

258 2203 460 2249 fauentes,
488 2203 658 2252 pauperi
684 2204 927 2252 derogantes
955 2207 993 2241 et
1018 2203 1272 2241 inexorabile
1299 2207 1440 2240 contra
1466 2203 1672 2240 fortunam

256 2264 448 2312 pauperis
492 2264 631 2302 odium
673 2270 858 2314 gerentes
900 2265 1015 2302 illum
1056 2264 1107 2302 ad
1147 2265 1354 2302 iusticiam
1393 2264 1669 2302 detraxerunt.

257 2323 417 2372 Pauper
461 2327 598 2361 autem
643 2324 872 2370 clamando,
917 2327 963 2362 ut
1004 2324 1285 2372 supradictum
1330 2327 1403 2369 est,
1447 2335 1491 2361 se
1545 2322 1671 2359 nichil

257 2383 433 2431 amplius
477 2384 690 2422 inuenisse
732 2384 895 2421 iurauit.
952 2384 1031 2422 Sed
1073 2384 1170 2421 dum
1211 2395 1346 2421 sermo
1386 2382 1670 2420 huiuscemodi

258 2454 493 2491 pauperum
509 2442 776 2493 diuitumque
792 2456 866 2492 per
881 2455 952 2481 ora
970 2444 1236 2489 discurreret,
1268 2441 1474 2480 ministris
1490 2442 1668 2480 reteren-

258 2501 365 2539 tibus
405 2501 573 2539 tandem
611 2503 817 2550 percussit
855 2514 974 2539 aures
1014 2502 1130 2550 regis.
1184 2501 1300 2551 Quod
1338 2501 1460 2538 simul
1499 2500 1669 2546 audiuit,

257 2561 428 2598 diuitem
462 2563 502 2598 et
532 2572 756 2609 pauperem
789 2564 828 2598 et
859 2561 1076 2609 pecuniam
1109 2561 1187 2598 sibi
1219 2560 1445 2609 presentari
1478 2560 1670 2609 precepit.
