1790 2857
862 57 1134 94 —50.-

293 179 506 216 habituris.
545 201 595 205 -----
633 178 749 217 Alius
785 179 1111 217 uociferabatur:
1149 179 1310 228 Diligite
1347 178 1505 218 animas
1541 185 1703 219 uestras

294 240 493 288 quantum
522 240 560 276 et
584 250 767 287 corpora,
794 241 834 277 et
857 238 1091 287 proficietis.
1117 260 1167 265 —
1192 230 1329 277 Aiius:
1355 239 1489 277 Nolite
1515 239 1704 277 obliuisci

298 298 368 348 qui
403 310 486 336 non
522 298 797 336 obliuiscetur
830 299 976 345 uestri,
1012 301 1053 336 et
1087 298 1243 336 seruite
1279 299 1560 348 gubernatori.
1596 321 1646 325 —-

848 357 988 396 Alius:
1014 358 1172 395 Timete
1199 358 1336 402 deum,
1365 357 1464 406 quia
1489 358 1614 396 timor
1639 358 1706 395 do-

792 416 894 453 mini
936 418 1000 454 est
1039 416 1173 454 clauis
1215 417 1267 454 ad
1308 428 1429 454 omne
1470 417 1626 455 bonum
1668 419 1709 455 et

300 476 351 513 ad
393 475 708 524 percipiendam
750 475 924 525 gloriam
965 476 1231 513 conductum.
1285 475 1343 513 De
1385 488 1467 524 quo
1509 477 1707 515 Salomon

295 535 338 572 in
378 535 648 573 Ecclesiaste:
689 535 832 572 Finem
872 534 1064 584 loquendi
1104 546 1246 572 omnes
1285 534 1439 583 pariter
1477 535 1705 573 audiamus

300 595 433 632 Deum
459 594 560 633 time
589 596 631 632 et
656 595 856 632 mandata
885 594 975 632 eius
1005 595 1207 640 obserua3
1236 595 1314 632 hoc
1343 597 1407 632 est
1433 594 1544 632 enim
1573 595 1709 633 omnis

296 654 431 692 homo.
477 653 527 691 Et
557 656 706 691 cuncta
738 666 818 703 que
848 653 963 700 fiunt,
996 653 1173 691 adducet
1201 653 1302 691 deus
1336 653 1378 690 in
1407 652 1605 691 iudicium
1635 666 1709 703 pro

224 716 267 750 10
298 713 410 752 omni
451 715 597 760 errato,
637 713 727 752 siue
766 714 920 752 bonum
959 713 1048 751 siue
1087 713 1243 750 malum
1280 712 1344 751 sit.

849 772 908 811 Ob
944 773 1021 811 hoc
1055 773 1175 821 igitur
1208 773 1453 810 immensam
1485 771 1551 810 dei
1584 773 1708 810 omni-

793 833 969 881 potentis
1012 833 1281 870 clemenciam
1323 832 1529 881 supplices
1572 844 1709 870 exora-

296 905 401 940 mus,
444 893 640 942 quatinus
680 893 799 931 bonis
842 892 1034 941 operibus
1072 892 1224 930 nostris
1258 891 1579 942 vprecedentibus
1618 894 1712 940 post

295 953 472 990 districti
513 952 623 990 diem
666 951 806 990 iudicii
847 964 874 990 a
900 952 1079 990 dexteris
1119 951 1193 989 filii
1235 952 1300 989 sui
1341 951 1528 989 collocati
1570 954 1712 989 eterna

227 1017 269 1050 15
298 1012 440 1062 requie
468 1023 562 1050 cum
589 1012 678 1050 suis
706 1011 897 1050 fidelibus
924 1020 1157 1050 mereamur
1182 1011 1336 1060 perfrui
1365 1011 1408 1049 in
1436 1011 1531 1049 aula
1558 1010 1711 1056 celesti,

297 1074 509 1121 prestante
535 1072 679 1110 eodem
701 1072 870 1109 domino
895 1074 1035 1110 nostro
1059 1072 1180 1109 Ihesu
1206 1071 1379 1118 Christo,
1405 1070 1471 1109 cui
1497 1072 1560 1109 est
1582 1070 1714 1108 honor

301 1132 340 1167 et
378 1129 507 1178 gloria
542 1141 638 1166 cum
674 1128 794 1168 Patre
834 1132 873 1166 et
907 1128 1065 1178 Spiritu
1102 1128 1253 1166 Sancto
1292 1141 1364 1176 per
1401 1126 1562 1165 infinita
1599 1137 1711 1166 secu-

301 1189 438 1227 lorum
470 1189 627 1228 secula.
672 1189 833 1226 AMEN.

396 1270 416 1300 ἵ),
443 1269 538 1312 quod
564 1279 638 1302 non
665 1268 897 1303 obliuiscetur
922 1269 1041 1302 uestri.

245 416 267 450 5
353 388 414 426 De
446 388 604 426 timore
636 388 726 426 Dei.

433 804 656 854 Epilogus.

724 2650 752 2676 C.
767 2650 799 2676 F.
814 2650 1018 2677 Winter’sche
1037 2649 1299 2677 Buchdruekeroi.
