1790 2857
209 455 230 489 5

187 746 230 779 10

183 1344 230 1377 ΩΟ

182 1941 228 1974 30

829 95 1104 131 —20—

747 207 886 245 uidam
915 206 1078 245 iuuenis
1106 206 1195 253 fuit,
1224 206 1294 257 qui
1320 209 1450 245 totam
1476 205 1670 244 intencio-

776 279 871 305 nem
902 279 1021 305 suam
1053 268 1092 305 et
1119 269 1253 304 totum
1283 278 1452 305 sensum
1481 278 1604 304 suum
1633 268 1675 303 et

685 326 821 365 adhuc
850 329 983 365 totum
1000 330 1166 375 tempus
1182 338 1308 365 suum
1336 326 1389 364 ad
1403 326 1482 364 hoc
1497 324 1614 364 misit
1628 328 1676 363 ut

256 387 380 426 sciret
403 385 683 424 omnimodam
706 388 835 423 artem
856 384 1055 431 mulieris,
1079 387 1120 422 et
1139 384 1217 423 hoc
1238 384 1348 422 facto
1369 384 1503 422 uoluit
1524 384 1674 422 ducere

256 459 439 485 uxorem.
495 445 575 484 Sed
614 445 804 494 primitus
846 444 1027 493 perrexit
1064 456 1236 494 querere
1274 443 1495 482 consilium
1534 446 1574 482 et
1612 456 1673 482 sa-

256 506 508 556 pienciorem
541 504 650 543 illius
684 504 861 554 regionis
894 504 995 542 adiit
1024 504 1235 541 hominem
1266 506 1307 541 et
1336 502 1510 553 qualiter
1541 506 1673 541 custo-

257 566 344 604 dire
372 567 514 614 posset
542 576 666 614 quam
693 564 844 602 ducere
870 564 1039 602 uolebat
1065 563 1246 612 quesiuit
1271 574 1455 601 uxorem.
1497 563 1673 612 Sapiens

255 637 355 664 uero
397 625 474 663 hoc
517 624 690 662 audiens
732 623 845 661 dedit
885 623 964 662 sibi
1005 623 1226 661 consilium
1266 622 1377 672 quod
1417 624 1674 660 construeret

255 685 423 723 domum
454 684 547 722 altis
577 683 806 733 parietibus
835 682 1008 731 lapideis
1038 685 1291 731 poneretque
1319 681 1430 719 intus
1459 681 1673 720 mulierem

255 745 452 793 daretque
485 743 564 782 sibi
595 743 696 782 satis
728 743 779 781 ad
809 742 1109 781 comedendum
1140 744 1180 780 et
1208 753 1293 779 non
1322 741 1531 790 superflua
1560 741 1672 779 indu-

256 806 406 851 menta,
445 803 682 853 faceretque
720 803 777 840 ita
813 803 983 840 domum
1019 801 1128 851 quod
1165 813 1249 839 non
1284 804 1395 839 esset
1429 801 1473 838 in
1509 813 1558 839 ea
1593 801 1672 839 nisi

255 864 390 902 solum
425 863 608 901 hostium
642 863 814 912 solaque
846 863 1030 900 fenestra
1061 874 1134 911 per
1167 873 1291 911 quam
1323 860 1494 907 uideret,
1530 863 1570 898 et
1601 861 1673 898 tali

255 923 473 961 altitudine
517 926 557 960 et
599 922 671 960 tali
715 921 1021 971 composicione
1063 933 1136 970 per
1178 933 1303 970 quam
1344 932 1466 958 nemo
1520 920 1674 958 intrare

256 986 397 1032 posset
415 982 482 1020 uel
504 982 627 1020 exire.
660 981 826 1020 quenis
845 993 946 1019 uero
966 980 1105 1019 audito
1125 980 1298 1018 consilio
1319 979 1531 1028 sapientis,
1552 979 1672 1018 sicuti

256 1042 294 1080 ei
317 1042 497 1080 iusserat
522 1042 613 1091 egit.
650 1041 771 1079 Mane
794 1053 894 1079 uero
920 1040 1085 1090 quando
1110 1040 1273 1078 iuuenis
1298 1039 1349 1077 de
1373 1039 1496 1077 domo
1521 1039 1673 1085 exibat,

254 1102 436 1140 hostium
492 1101 642 1139 domus
687 1100 890 1147 firmabat,
938 1103 978 1138 et
1019 1100 1209 1138 similiter
1252 1099 1418 1149 quando
1472 1099 1672 1144 intrabat;

256 1161 421 1210 quando
466 1164 604 1199 autem
645 1160 888 1205 dormiebat,
933 1160 1009 1197 sub
1051 1159 1184 1208 capite
1226 1171 1302 1197 suo
1343 1159 1482 1196 claues
1524 1158 1672 1196 domus

255 1221 546 1261 abscondebat.
588 1220 674 1258 Hoc
702 1222 840 1258 autem
867 1220 988 1268 longo
1007 1222 1199 1270 ⁴tempore
1227 1219 1318 1267 egit.
1360 1218 1547 1267 Quadam
1573 1229 1673 1255 uero

253 1280 321 1319 die
354 1280 453 1318 dum
485 1279 649 1318 iuuenis
684 1279 735 1317 ad
766 1279 902 1317 forum
934 1279 1022 1324 iret,
1055 1277 1203 1316 mulier
1234 1290 1323 1323 sua,
1356 1280 1402 1315 ut
1432 1280 1520 1316 erat
1550 1277 1674 1315 solita

253 1340 402 1386 facere,
435 1339 622 1377 ascendit
650 1338 875 1377 fenestram
904 1341 944 1376 et
972 1341 1115 1376 cuntes
1145 1341 1184 1375 et
1212 1337 1487 1387 regredientes
1518 1337 1673 1375 intente

254 1399 426 1448 aspexit.
460 1399 544 1437 Hec
565 1411 649 1437 una
667 1398 733 1436 die
753 1411 847 1437 cum
866 1398 917 1436 ad
937 1398 1163 1436 fenestram
1184 1399 1322 1444 staret,
1342 1397 1447 1434 uidit
1467 1397 1674 1446 quendam

255 1460 449 1497 iuuenem
484 1459 715 1497 formosum
751 1470 921 1507 corpore
957 1460 1080 1507 atque
1115 1457 1232 1495 facie.
1282 1456 1371 1506 Quo
1405 1456 1498 1495 uiso
1534 1456 1674 1494 statim

256 1519 365 1556 illius
411 1530 551 1557 amore
596 1530 799 1556 succensa
853 1517 941 1555 fuit.
997 1517 1144 1555 Mulier
1198 1517 1273 1555 hec
1316 1528 1455 1554 amore
1510 1516 1673 1554 iuuenis

255 1590 458 1616 succensa
501 1580 541 1616 et
581 1580 628 1616 ut
670 1577 953 1627 supradictum
996 1580 1059 1615 est
1099 1576 1306 1615 custodita
1346 1576 1456 1624 cepit
1496 1575 1675 1625 cogitare

257 1637 463 1687 quomodo
502 1640 542 1676 et
577 1649 659 1686 qua
696 1640 782 1675 arte
817 1640 958 1685 posset
992 1636 1105 1685 loqui
1153 1648 1247 1674 cum
1282 1635 1474 1673 adamato
1509 1635 1670 1673 iuuene.

255 1698 307 1735 At
347 1697 438 1746 ipsa
478 1697 601 1745 plena
639 1697 804 1745 ingenio
843 1708 891 1734 ac
929 1696 1163 1734 dolositatis
1203 1698 1290 1733 arte
1329 1694 1526 1743 cogitauit
1563 1694 1674 1744 quod

255 1757 395 1794 claues
438 1756 595 1811 domini
639 1757 703 1795 sui
745 1756 951 1794 furaretur
990 1756 1090 1793 dum
1130 1755 1338 1793 dormiret.
1392 1754 1442 1792 Et
1482 1754 1539 1792 ita
1581 1754 1671 1803 egit.

255 1816 339 1854 Hec
379 1828 479 1853 uero
520 1818 689 1854 assueta
728 1817 815 1853 erat
850 1815 1065 1853 dominum
1103 1827 1226 1852 suum
1262 1825 1513 1863 unaquaque
1551 1816 1673 1850 nocte

254 1875 353 1913 uino
388 1875 605 1921 inebriare,
638 1877 686 1912 ut
717 1874 902 1912 securius
937 1874 988 1911 ad
1021 1873 1200 1911 amicum
1231 1885 1355 1911 suum
1386 1875 1527 1921 posset
1557 1873 1671 1911 exire

256 1938 294 1973 et
332 1947 453 1973 suam
490 1934 750 1973 uoluntatem
791 1934 967 1982 explere.
1019 1933 1218 1971 Dominus
1257 1944 1356 1971 uero
1394 1932 1506 1970 illius
1545 1932 1672 1981 philo-

254 1994 436 2043 sophicis
461 1994 543 2032 iam
567 1993 734 2032 edoctus
757 1993 924 2031 monitis
948 1993 1037 2031 sine
1058 1990 1153 2030 dolo
1177 1993 1311 2030 nullos
1336 2004 1427 2030 esse
1448 1992 1671 2030 muliebres

255 2057 370 2092 actus
405 2054 514 2102 cepit
545 2053 778 2102 excogitare
811 2052 909 2102 quid
941 2064 1017 2091 sua
1047 2052 1230 2090 coniunx
1261 2054 1437 2090 strueret
1467 2051 1672 2105 frequenti

256 2116 294 2151 et
336 2113 545 2151 cotidiana
587 2113 818 2162 potacione.
875 2112 992 2161 Quod
1032 2114 1080 2149 ut
1120 2112 1196 2150 sub
1240 2112 1359 2149 oculo
1401 2114 1584 2160 poneret,
1627 2123 1672 2149 se

254 2172 373 2210 finxit
407 2173 565 2211 ebrium
598 2185 701 2211 esse.
747 2170 873 2210 Cuius
906 2171 963 2210 rei
994 2171 1142 2209 mulier
1172 2171 1305 2209 inscia
1334 2171 1386 2209 de
1415 2171 1521 2209 lecto
1551 2173 1671 2208 nocte

286 239 509 289 Exempl.
532 238 652 277 XIV:
686 203 744 300 Q

336 299 403 337 De
434 298 603 348 puteo.

207 2255 214 2263 ·
254 2244 506 2281 consurgens
548 2232 729 2281 perrexit
769 2232 820 2270 ad
862 2232 1043 2270 hostium
1082 2231 1230 2269 domus
1273 2234 1314 2269 et
1352 2233 1493 2279 aperto
1533 2229 1670 2268 hostio

255 2291 383 2330 exiuit
405 2292 456 2329 ad
478 2292 669 2330 amicum.
702 2292 772 2330 Vir
793 2294 932 2329 autem
952 2303 1053 2330 suus
1076 2291 1119 2328 in
1140 2291 1312 2329 silencio
1332 2290 1465 2329 noctis
1487 2289 1671 2329 suauiter

253 2363 505 2400 consurgens
534 2352 650 2389 uenit
678 2352 729 2389 ad
756 2351 938 2389 hostium
967 2353 1007 2389 et
1033 2353 1220 2399 apertum
1248 2350 1398 2388 clausit
1425 2351 1464 2387 et
1489 2348 1672 2386 firmauit

255 2413 294 2448 et
329 2410 556 2448 fenestram
594 2411 781 2449 ascendit
817 2411 1011 2460 stetitque
1048 2410 1104 2448 ibi
1140 2410 1270 2448 donec
1306 2409 1351 2447 in
1385 2407 1558 2447 camisia
1593 2420 1669 2446 sua

254 2470 469 2508 mulierem
501 2482 621 2508 suam
651 2471 804 2508 nudam
835 2472 1110 2508 reuertentem
1138 2469 1254 2508 uidit.
1298 2468 1386 2517 Que
1414 2468 1581 2506 domum
1612 2480 1669 2506 re-

355 2587 397 2620 13
424 2589 458 2620 et
484 2586 544 2620 tali
572 2587 836 2630 composicione
862 2587 961 2629 fehlt.
