1846 2857
218 447 240 479 0!

195 745 239 778 10

194 1041 237 1073 15

191 1932 237 1964 30

191 2527 237 2560 40

852 91 1101 125 —5—

266 205 498 255 deputatur,
533 218 606 255 ego
635 218 736 244 uero
768 218 920 244 nocens
952 206 1140 244 libertate
1169 207 1294 244 fruor.
1339 206 1524 256 Quenam
1555 219 1683 245 causa

267 270 329 303 est
370 265 493 303 huius
533 265 771 303 iniusticie‘?
823 265 972 303 Nescio
1012 265 1092 303 nisi
1132 266 1222 303 sola
1259 266 1314 304 sit
1350 266 1417 304 dei
1454 266 1680 315 paciencia.

266 325 416 363 Verum
439 325 554 370 deus,
578 324 702 362 iudex
724 325 870 370 iustus,
893 325 1141 373 impunitum
1164 326 1298 363 scelus
1321 326 1478 363 nullum
1500 326 1679 363 dimittit.

266 383 326 422 Ne
352 384 474 432 igitur
498 383 703 432 posterius
729 384 771 421 in
794 396 861 422 me
884 384 1026 421 durius
1052 384 1245 429 uindicet,
1272 384 1394 423 huius
1418 397 1484 423 me
1508 385 1682 434 prodam

265 443 450 481 criminis
484 455 620 488 reum3
654 443 796 492 sicque
829 455 899 481 eos
932 456 957 481 a
986 446 1117 481 morte
1148 443 1403 481 absoluendo
1435 444 1544 493 quod
1574 456 1681 482 com-

265 503 359 540 misi
394 503 507 540 luam
538 505 765 551 peccatum.
814 502 974 540 Obiecit
1005 515 1049 541 se
1082 515 1176 552 ergo
1209 503 1389 551 periculo
1421 503 1584 542 dicens:
1616 503 1682 542 Me

265 574 331 600 me
376 562 445 611 qui
488 562 589 607 feci;
634 562 759 599 istum
801 562 992 600 dimittite
1035 562 1270 600 innoxium!
1327 562 1486 600 Iudices
1542 565 1680 601 autem

266 634 348 659 non
387 633 534 670 parum
572 621 823 659 admirantes
863 621 972 659 hunc
1011 622 1092 659 alio
1131 634 1155 659 a
1190 624 1322 659 morte
1359 622 1548 660 absoluto
1585 621 1680 671 liga-

267 685 427 717 uerunt.
487 679 656 728 Iamque
691 679 742 717 de
778 679 931 717 iudicio
966 679 1201 717 dubitantes
1237 680 1345 716 hunc
1383 691 1476 717 cum
1512 679 1680 729 reliquis

266 740 378 789 prius
408 740 592 778 liberatis
624 744 717 778 ante
746 752 881 789 regem
909 740 1116 779 duxerunt
1143 741 1262 790 eique
1292 740 1430 778 omnia
1459 752 1510 777 ex
1538 740 1680 779 ordine

265 800 488 838 referentes
534 800 669 848 ipsum
713 800 844 837 eciam
888 800 1067 837 hesitare
1109 800 1406 848 compulerunt.
1464 799 1680 838 Communi

265 859 403 908 itaque
433 859 607 897 consilio
636 871 708 897 rex
737 859 795 897 eis
824 871 945 897 omne
972 859 1127 897 crimen
1155 859 1264 908 quod
1293 859 1371 897 31111
1399 859 1682 907 imposuerant

264 919 525 964 condonauit,
555 930 604 957 eo
630 921 769 956 tamen
794 922 914 966 pacto
938 921 983 956 ut
1008 918 1191 956 criminis
1218 918 1297 956 sibi
1322 918 1504 966 impositi
1531 930 1678 956 causas

264 978 554 1027 patefacerent.
593 978 646 1015 At
668 978 727 1015 illi
751 978 809 1015 rei
832 978 1049 1015 ueritatem
1073 978 1109 1016 ei
1135 981 1425 1026 exposuerunt.
1464 977 1680 1016 Communi

265 1040 401 1075 autem
434 1049 640 1076 consensu
671 1037 862 1075 omnibus
893 1037 1094 1075 absolutis
1124 1037 1315 1086 indigena
1344 1037 1415 1086 qui
1443 1049 1517 1086 pro
1548 1037 1680 1074 amico

264 1097 367 1135 mori
405 1097 646 1134 decreuerat
683 1097 820 1145 ipsum
858 1097 900 1133 in
935 1097 1105 1134 domum
1141 1109 1259 1134 suam
1295 1096 1525 1134 introduxit
1561 1096 1681 1145 eique

264 1157 375 1194 omni
410 1157 567 1194 honore
598 1168 672 1205 pro
706 1157 785 1193 ritu
815 1157 926 1193 facto
958 1155 1112 1205 inquit:
1146 1156 1189 1194 Si
1222 1167 1384 1193 mecum
1414 1168 1582 1193 manere
1614 1155 1681 1193 ad-

264 1216 455 1265 quiescis,
487 1215 626 1253 omnia
652 1216 772 1253 nobis
800 1219 921 1264 prout
946 1215 1064 1253 decet
1091 1218 1209 1253 erunt
1235 1215 1490 1261 communiag
1519 1215 1554 1252 si
1580 1227 1680 1253 uero

264 1275 487 1324 repatriare
524 1275 720 1315 uolueris,
760 1287 839 1324 que
876 1287 969 1313 mea
1005 1278 1102 1312 sunt
1138 1287 1244 1324 equa
1278 1275 1396 1312 lance
1432 1274 1678 1323 parciamur.

264 1335 313 1372 At
350 1335 420 1372 1116
456 1335 606 1372 natalis
644 1335 722 1373 soli
756 1334 974 1372 dulcedine
1009 1334 1191 1372 irretitus
1225 1337 1385 1383 partem
1419 1334 1552 1371 tocius
1588 1334 1680 1372 sub-

263 1394 420 1432 stancie
455 1406 579 1443 quam
613 1394 649 1432 ei
683 1394 889 1432 obtulerat
919 1394 1074 1442 recepit
1105 1394 1246 1443 sicque
1278 1393 1529 1442 repatriauit..

343 1454 431 1491 Hiis
457 1453 597 1502 itaque
621 1453 679 1491 sic
703 1453 843 1491 relatis
867 1453 1001 1502 inquit
1022 1453 1131 1490 filius
1155 1453 1206 1490 ad
1228 1455 1408 1503 patrem:
1432 1453 1510 1490 Vix
1532 1452 1681 1501 poterit

268 1512 360 1549 talis
400 1512 568 1560 reperiri
609 1511 780 1548 amicus.
820 1533 870 1536 —
910 1511 1022 1548 Dixit
1059 1511 1165 1548 alius
1204 1511 1476 1560 philosophus
1513 1513 1677 1560 propter

263 1572 417 1610 amicos
461 1585 543 1610 non
582 1573 800 1621 probatos:
840 1572 1016 1610 Prouide
1053 1572 1127 1609 tibi
1167 1572 1295 1609 semel
1332 1572 1383 1609 de
1422 1571 1600 1608 inimicis
1639 1574 1680 1608 et

264 1632 396 1669 milies
430 1632 482 1669 de
515 1632 672 1678 amicis,
705 1631 803 1681 quia
832 1631 1008 1669 forsitan
1038 1631 1287 1680 quandoque
1319 1631 1475 1668 amicus
1506 1630 1578 1668 fiet
1607 1629 1678 1667 ini-

263 1691 393 1729 micus
431 1695 469 1728 et
503 1691 561 1729 sic
593 1691 728 1728 leuius
760 1691 911 1739 poterit
942 1690 1178 1739 perquirere
1208 1690 1435 1738 dampnum
1467 1692 1594 1727 tuum.
1627 1711 1678 1715 —

688 1750 789 1787 Item
819 1750 924 1787 alius
951 1750 1245 1798 philosophus:
1274 1749 1384 1787 Caue
1409 1748 1484 1786 tibi
1509 1749 1560 1786 de
1587 1760 1679 1786 con-

687 1809 780 1846 silio
810 1809 920 1847 illius
947 1821 970 1846 a
1003 1821 1084 1858 quo
1109 1809 1214 1857 petis
1240 1808 1472 1854 consilium,
1498 1808 1579 1846 nisi
1604 1807 1680 1846 tibi

263 1869 315 1906 sit
344 1868 477 1907 fidelis
506 1868 808 1917 comprobatus.
837 1890 887 1894 ——
915 1868 1015 1905 Item
1044 1868 1149 1906 alius
1175 1868 1468 1916 philosophus:
1499 1867 1679 1906 Consule

264 1928 396 1966 amico
438 1931 510 1965 tuo
552 1928 595 1965 in
636 1927 791 1965 bonum
831 1930 1032 1976 quantum
1071 1927 1238 1975 poteris,
1281 1927 1357 1965 etsi
1399 1926 1472 1964 tibi
1511 1926 1679 1964 credere

270 1986 457 2024 noluerit.
525 1986 682 2023 Iustum
726 1989 789 2023 est
831 1985 939 2022 enim
981 1988 1028 2022 ut
1067 1985 1146 2022 31111
1190 1985 1294 2022 116116
1336 1984 1542 2029 consulas,
1587 1984 1679 2022 licet

264 2051 419 2084 rectum
445 2050 494 2084 ut
519 2047 703 2085 insulsus
731 2050 846 2084 tuum
872 2058 956 2084 non
981 2049 1178 2095 sequatur
1203 2045 1435 2083 consilium.
1462 2067 1513 2070 ——
1539 2045 1678 2082 Alius:

266 2103 359 2141 Noli
388 2104 607 2141 consilium
636 2107 753 2141 tuum
784 2103 894 2141 omni
925 2103 1110 2141 reuelare
1139 2103 1318 2149 homini;
1349 2102 1418 2152 qui
1449 2102 1557 2140 enim
1587 2114 1679 2140 con-

263 2163 401 2200 silium
446 2175 567 2201 31111111
611 2164 653 2201 111
693 2163 818 2201 corde
858 2175 933 2201 suo
975 2163 1135 2210 retinet,
1177 2162 1241 2200 sui
1283 2162 1385 2200 iuris
1426 2165 1490 2200 est
1528 2161 1676 2199 melius

330 1781 390 1819 De
424 1780 619 1819 consilio.

216 2242 224 2258 ι
264 2222 422 2271 eligere.
458 2245 508 2248 ——
540 2223 678 2261 Alius:
713 2222 941 2261 Consilium
973 2222 1260 2260 absconditum
1291 2221 1411 2271 quasi
1441 2221 1484 2258 in
1515 2232 1678 2258 carcere

263 2286 333 2319 tuo
371 2284 432 2319 est
466 2283 685 2328 reclusum,
720 2282 950 2320 reuelatum
982 2293 1081 2319 uero
1114 2284 1153 2319 te
1186 2281 1229 2318 in
1261 2292 1425 2318 carcere
1458 2291 1534 2318 suo
1567 2282 1678 2317 tenet

263 2341 443 2390 ligatum.
484 2363 534 2366 —-
571 2342 710 2379 Alius:
748 2341 808 2380 Ne
846 2344 884 2379 te
923 2340 1198 2378 associaueris
1233 2340 1413 2378 inimicis
1450 2338 1544 2384 tuis,
1581 2350 1676 2376 cum

265 2400 367 2438 alios
403 2400 538 2448 possis
574 2401 752 2449 reperire
787 2401 934 2438 socios.
982 2400 1069 2449 Que
1102 2400 1212 2438 enim
1244 2399 1352 2436 male
1387 2398 1529 2447 egeris,
1563 2402 1675 2435 nota-

263 2460 383 2505 bunt;
420 2471 500 2509 que
530 2471 630 2497 uero
663 2460 771 2497 bona
800 2460 965 2506 fuerint,
996 2459 1251 2497 deuitabunt.
1284 2480 1335 2484 ——
1366 2457 1477 2494 Dixit
1508 2456 1677 2506 quidam

263 2518 539 2557 uersificator:
567 2518 639 2556 Est
659 2530 744 2556 una
765 2519 817 2556 de
839 2518 962 2556 huius
986 2518 1115 2556 seculi
1139 2516 1460 2556 aduersitatibus
1484 2515 1676 2565 grauiori-

357 2587 402 2620 35
428 2588 694 2629 Anyensprzmy
718 2587 837 2620 hinter
862 2597 1012 2620 carcere.
