1846 2857
755 80 1004 116 -7-

171 200 248 238 bus
290 199 419 238 libero
460 198 617 236 homini
659 198 768 248 quod
809 197 1056 236 necessitate
1096 197 1253 245 cogitur
1291 199 1337 234 ut
1376 196 1455 235 sibi
1495 196 1586 234 sub-

170 259 313 298 ueniat
357 258 563 308 requirere
608 257 831 295 inimicum.
902 257 1092 306 Quesiuit
1134 256 1301 306 quidam
1346 268 1370 293 a
1409 256 1587 305 quodam

170 318 326 357 Arabe:
366 317 454 366 Que
487 317 620 355 maior
653 317 884 355 aduersitas
919 316 1089 365 contigit
1122 316 1195 354 tibi
1229 316 1272 352 in
1305 315 1385 353 hoc
1417 316 1588 353 seculo?

170 378 324 415 Arabs:
353 376 591 415 Necessitas
619 377 817 425 compulit
842 388 908 414 me
935 375 1158 413 conuenire
1184 375 1409 421 inimicum,
1437 377 1483 412 ut
1509 387 1590 424 que

169 437 364 475 uolebam
406 436 530 474 michi
571 436 824 474 concederet.
866 458 915 460 —
955 435 1094 473 Alius:
1135 435 1194 472 Ne
1231 437 1272 472 te
1312 434 1588 472 associaueris

595 495 801 541 leccatori,
859 494 976 532 cuius
1021 494 1198 532 societas
1254 497 1317 532 est
1357 493 1430 531 tibi
1471 493 1589 531 dede-

596 567 680 593 cus.
711 577 760 580 —
786 554 924 592 Alius:
951 554 1011 592 Ne
1037 553 1221 603 glorieris
1247 553 1290 590 in
1314 553 1437 591 laude
1462 554 1590 591 lecca-

171 615 284 661 toris,
314 615 435 653 cuius
464 615 556 653 laus
587 617 649 652 est
677 614 749 652 tibi
776 613 1029 662 uituperium
1059 616 1099 651 et
1125 613 1378 661 uituperium
1405 613 1508 650 laus.
1538 635 1589 639 —

170 674 349 723 Quidam
374 675 647 723 philosophus
672 673 878 711 transiens
904 685 976 722 per
998 673 1111 710 uiam
1136 672 1263 710 alium
1288 672 1440 721 reperit
1462 672 1590 721 philo-

171 734 347 783 sophum
381 746 475 771 cum
506 733 684 783 quodam
714 733 917 771 leccatore
947 733 1154 770 iocantem
1184 736 1307 781 atque
1338 732 1415 770 ait:
1447 731 1590 770 Simile

171 793 250 831 sibi
292 793 426 831 simile
463 793 669 831 attrahere
706 792 939 830 adamantis
977 795 1049 829 est.
1100 792 1152 829 At
1187 792 1255 829 ille
1291 791 1444 841 inquit:
1481 791 1590 829 Nun-

171 865 297 902 quam
337 865 403 890 me
443 852 521 890 sibi
561 852 743 890 adiunxi.
795 852 857 889 Ad
895 851 972 889 hoc
1010 851 1260 889 transsiens:
1303 851 1383 889 Cur
1420 863 1514 900 ergo
1553 851 1590 889 ei

171 912 484 961 applaudebas?
531 912 583 949 At
613 912 701 949 ille:
733 911 837 957 Non,
870 911 942 950 sed
973 923 1123 959 magna
1153 911 1400 949 necessitate
1432 910 1591 959 cogitur

175 970 299 1009 etiam
326 970 523 1008 honestus
552 970 676 1007 homo
702 969 894 1007 latrinam
922 969 1046 1006 adire.
1075 991 1124 995 —
1152 969 1267 1006 Alius
1296 968 1589 1017 philosophus:

172 1031 261 1077 Fili,
300 1043 424 1080 graue
457 1032 520 1068 est
551 1031 702 1068 arduas
736 1030 959 1068 ascendere
992 1030 1243 1076 mansiones,
1279 1033 1319 1067 et
1350 1030 1400 1067 ab
1435 1029 1591 1067 eisdem

171 1090 424 1128 descendere
468 1089 591 1128 facile
635 1093 707 1128 est.
752 1112 802 1115 —
844 1090 961 1127 Alius
1004 1090 1299 1138 philosophus:
1342 1089 1487 1127 Melior
1529 1091 1593 1127 est

598 1150 822 1187 inimicicia
864 1150 1063 1200 sapientis
1104 1161 1229 1199 quam
1270 1149 1459 1187 amicicia
1497 1148 1592 1186 insi-

598 1210 759 1258 pientis.
789 1232 837 1235 ——
862 1209 978 1247 Alius
1003 1209 1296 1258 philosophus:
1321 1209 1412 1247 Non
1435 1208 1592 1246 habeas

172 1281 247 1317 pro
284 1281 433 1318 magno
469 1269 701 1307 amiciciam
737 1269 863 1315 stulti,
899 1269 998 1319 quia
1031 1281 1115 1306 non
1150 1272 1213 1307 est
1246 1280 1505 1316 permanens.
1540 1290 1591 1294 —

223 527 283 564 De
315 527 544 566 leccatore.

221 1180 282 1219 De
315 1180 544 1230 sapientia.

172 1328 288 1366 Alius
328 1329 621 1377 philosophus:
659 1328 804 1366 Melior
840 1331 902 1366 est
938 1328 1115 1367 societas
1152 1328 1352 1377 simplicis
1389 1328 1495 1366 inter
1530 1340 1591 1365 sa·
1619 1338 1629 1352 ⁹

172 1388 332 1436 pientes
359 1388 505 1426 nutriti
532 1400 657 1438 quam
682 1388 894 1436 prudentis
921 1400 1014 1425 cum
1040 1387 1313 1426 leccatoribus
1341 1387 1514 1425 educati.
1541 1409 1592 1413 ——

172 1447 288 1485 Alius
328 1447 622 1496 philosophus:
662 1447 828 1485 Dulcior
867 1450 928 1485 est
964 1447 1141 1496 sapienti
1180 1459 1328 1496 aspera
1362 1447 1450 1484 uita
1486 1446 1592 1484 inter

172 1507 382 1555 sapientes
412 1519 537 1556 quam
561 1507 695 1544 dulcis
720 1507 808 1544 uita
833 1507 940 1544 inter
965 1506 1219 1555 insipientes.
1247 1529 1296 1532 -—
1322 1506 1439 1544 Alius
1465 1506 1592 1555 philo-

171 1566 350 1615 sophus:
395 1566 614 1614 Sapiencie
653 1566 734 1604 due
775 1570 871 1603 sunt
910 1566 1091 1615 species:
1131 1578 1215 1604 una
1255 1566 1468 1612 naturalis,
1512 1565 1593 1603 alia

172 1625 422 1672 artificialis3
463 1638 638 1675 quarum
673 1638 758 1663 una
794 1638 877 1664 non
912 1628 1049 1674 potest
1083 1637 1251 1663 manere
1287 1625 1376 1663 sine
1412 1625 1504 1662 alia.
1541 1647 1591 1651 —-—

171 1685 310 1723 Alius:
334 1685 394 1723 Ne
414 1685 648 1723 committas
668 1685 804 1723 stultis
826 1685 1080 1734 sapienciam
1100 1685 1198 1735 quia
1218 1685 1277 1723 eis
1299 1687 1408 1723 esset
1427 1684 1592 1723 iniurio-

172 1756 286 1790 sum;
333 1757 467 1794 neque
511 1745 768 1794 sapientibus
813 1757 904 1783 eam
944 1745 1134 1794 deneges,
1179 1744 1277 1794 quia
1319 1744 1427 1794 quod
1471 1757 1594 1782 suum

174 1807 237 1842 est
265 1804 324 1842 eis
353 1804 547 1842 auferres.
576 1827 626 1830 ——
652 1804 790 1842 Alius:
818 1804 949 1842 Huius
977 1804 1120 1842 mundi
1146 1804 1257 1842 dona
1281 1804 1447 1842 diuersa
1475 1806 1591 1842 sunt:

173 1863 424 1912 quibusdam
471 1864 581 1902 enim
624 1864 746 1902 datur
791 1876 926 1901 rerum
970 1864 1194 1913 possessio,
1241 1864 1489 1913 quibusdam
1531 1876 1593 1901 sa-

173 1922 347 1971 piencia.
392 1922 568 1972 Quidam
593 1924 767 1973 loquens
794 1923 879 1961 filio
906 1924 1058 1973 inquit:
1086 1923 1192 1972 Quid
1218 1924 1364 1961 malles
1390 1923 1465 1960 tibi
1490 1923 1592 1970 dari,

174 1993 229 2019 an
251 1993 425 2020 censum
448 1995 502 2020 an
524 1983 808 2032 sapienciam?
845 1983 919 2022 Cui
942 1983 1073 2021 filius:
1098 1984 1254 2021 Horum
1278 1982 1489 2032 quodlibet
1512 1983 1594 2021 alio

176 2040 339 2090 indiget.
378 2063 430 2067 —
467 2042 560 2080 Fuit
596 2042 765 2092 quidam
799 2042 1060 2081 uersificator
1095 2042 1294 2091 egregius,
1331 2042 1403 2080 sed
1441 2054 1595 2092 egenus

175 2103 216 2138 et
243 2100 473 2148 mendicus,
504 2113 667 2150 semper
693 2102 745 2140 de
772 2104 1015 2150 paupertate
1043 2114 1119 2140 sua
1148 2102 1292 2139 amicis
1321 2113 1592 2151 conquerens,

174 2159 226 2197 de
254 2171 336 2209 qua
362 2160 493 2198 eciam
516 2172 665 2199 uersus
691 2162 923 2210 composuit
946 2162 1073 2199 talem
1097 2173 1268 2199 sensum
1294 2161 1592 2210 exprimentes:

177 2217 237 2255 Tu
267 2218 336 2266 qui
366 2218 530 2266 partiris
560 2221 711 2267 partes,
741 2222 926 2256 monstra
954 2231 1048 2257 mea
1077 2231 1148 2256 cur
1176 2218 1303 2256 michi
1329 2219 1456 2258 desit!
1506 2219 1594 2259 Cul-
1626 2240 1633 2242 -

175 2279 337 2327 pandus
377 2291 462 2316 non
502 2291 558 2325 es,
599 2279 671 2317 sed
708 2279 774 2317 dic
811 2280 958 2317 michi:
998 2292 1122 2330 quem
1159 2280 1366 2329 culpabo?
1415 2280 1521 2318 Nam
1558 2280 1593 2318 si

175 2338 443 2376 constellacio
482 2350 577 2376 mea
616 2341 679 2377 est
715 2339 840 2376 michi
877 2339 992 2385 dura,
1032 2351 1057 2377 a
1083 2342 1121 2377 te
1159 2351 1324 2389 quoque
1360 2339 1402 2377 id
1437 2339 1595 2378 factum

178 2410 270 2436 esse
312 2397 584 2435 indubitabile
625 2399 698 2435 est.
753 2398 833 2436 Sed
872 2398 979 2436 inter
1017 2410 1084 2436 me
1122 2401 1163 2436 et
1201 2399 1335 2448 ipsam
1374 2403 1418 2437 tu
1458 2402 1595 2438 orator

178 2459 217 2494 et
251 2457 374 2495 iudex
407 2469 462 2495 es.
506 2457 566 2494 Tu
596 2457 746 2495 dedisti
777 2457 902 2494 michi
934 2457 1188 2506 sapienciam
1220 2458 1310 2497 sine
1341 2459 1592 2497 substancia.

177 2516 249 2554 Dic
297 2528 391 2566 ergo
435 2516 582 2554 michi:
628 2516 725 2566 quid
767 2517 893 2554 faciet
935 2517 1147 2566 sapiencia
1189 2517 1279 2556 sine
1323 2518 1593 2556 substancia?

273 2585 292 2617 2
319 2595 418 2628 requ.
439 2585 607 2618 amicum.

1640 441 1661 473 ω

1619 740 1663 773 10

1620 1928 1667 1960 30

1620 2517 1667 2551 40
