1790 2857
853 48 868 55 -r

711 49 986 84 —20—

141 166 290 205 oblitus
322 165 482 204 fraudis
515 177 590 204 sue
622 165 875 215 nequissime
907 164 1079 203 adduxit
1109 164 1311 210 homines,
1343 167 1390 201 ut
1422 164 1557 202 01011111

141 227 332 264 emerent.
388 225 546 274 Quibus
588 225 776 263 adductis
818 228 968 263 terram
1008 226 1258 273 aperuerunt
1297 225 1337 262 et
1375 224 1557 273 quinque

138 285 283 335 plenos
317 285 494 323 tonellos
530 282 570 323 01
602 285 784 334 quinque
816 284 1009 322 dimidios
1044 284 1303 322 inuenerunt.
1349 283 1556 331 Perceptis

137 344 290 383 talibus
331 344 553 382 aduocauit
590 356 764 394 puerum
802 344 860 382 ita
896 343 1091 382 dicendo:
1130 343 1285 389 Amice,
1323 354 1451 381 causa
1489 346 1557 381 tue

139 404 325 442 custodie
367 404 487 443 amisi
531 404 688 442 oleum:
732 404 901 452 insuper
942 403 1051 453 quod
1091 403 1166 441 tibi
1207 402 1408 448 commisi,
1450 402 1556 440 frau-

137 463 327 502 dulenter
352 463 571 502 abstulisti.
611 463 868 513 Quapropter
890 463 988 501 uolo
1011 466 1058 501 ut
1080 475 1174 501 mea
1198 462 1323 500 michi
1350 461 1555 500 restituas.

137 523 211 561 His
238 522 360 561 dictis
388 535 481 561 eum
508 523 667 572 accepit
692 526 732 561 et
756 523 883 561 uellet
908 523 1036 561 nollet
1063 522 1114 561 ad
1140 522 1347 560 iusticiam
1373 521 1555 559 deduxit.

137 582 306 621 Iusticia
351 595 446 621 eum
487 583 636 621 uidens
680 582 906 629 accusauit,
949 582 1022 621 sed
1065 582 1229 620 iuuenis
1273 581 1371 631 quid
1414 584 1557 619 contra

136 642 292 680 diceret
329 642 516 680 nesciuit.
568 642 648 681 Sed
686 645 824 680 tamen
860 641 1048 680 inducias
1085 642 1208 680 unius
1244 641 1327 679 diei
1364 641 1555 691 quesiuit.

138 701 256 750 Quod
282 702 458 748 iusticia,
483 702 581 752 quia
603 702 757 740 iustum
782 704 880 748 erat,
905 701 1121 740 concessit.
1158 701 1204 738 In
1228 701 1395 739 ciuitate
1419 704 1557 738 autem

137 761 209 799 illa
252 761 490 799 morabatur
534 761 702 811 quidam
745 761 1030 810 philosophus,
1076 761 1145 810 qui
1188 760 1558 810 cognominabatur

137 821 350 859 Auxilium
381 821 615 870 Egencium,
646 821 780 859 bonus
811 821 935 859 homo
965 824 1088 871 atque
1118 821 1346 869 religiosus.
1390 820 1556 858 quenis

139 883 276 918 autem
306 881 446 919 audito
473 881 669 919 bonitatis
698 878 808 919 illius
835 881 1030 930 preconio
1056 880 1236 929 perrexit
1264 880 1314 918 ad
1343 892 1436 918 eum
1464 892 1556 929 que-

138 940 319 990 siuitque
353 940 403 978 ab
438 952 486 978 00
519 940 739 979 consilium
771 941 934 978 dicens:
968 940 1010 979 Si
1043 952 1144 978 uera
1176 943 1273 977 sunt
1304 952 1383 989 que
1416 939 1556 977 multis

138 999 409 1038 referentibus
431 1000 482 1038 de
501 1002 542 1038 te
561 1000 686 1038 michi
707 1000 818 1038 dicta
838 1003 946 1046 sunt,
968 1012 1082 1038 more
1102 999 1330 1038 domestico
1351 999 1412 1037 fer
1431 999 1555 1036 michi
1607 1023 1613 1030 ·

141 1058 372 1105 auxilium;
395 1059 551 1098 etenim
574 1059 731 1098 iniuste
749 1071 937 1097 accusor.
968 1059 1250 1108 Philosophus
1268 1059 1414 1097 audita
1431 1071 1553 1108 prece

137 1118 301 1156 iuuenis
342 1118 611 1167 interrogauit
650 1118 684 1156 si
724 1118 831 1156 iuste
868 1119 936 1156 uel
976 1118 1127 1156 iniuste
1166 1121 1410 1156 accusarent
1450 1129 1554 1155 eum.

136 1177 304 1216 quenis
331 1189 432 1216 uero
459 1178 568 1228 quod
594 1178 746 1217 iniuste
774 1180 1049 1223 accusaretur,
1077 1177 1258 1216 firmauit
1284 1180 1554 1216 sacramento.

137 1237 288 1276 Audita
328 1238 386 1275 rei
426 1237 663 1276 sinceritate
702 1238 975 1286 philosophus
1015 1238 1167 1286 pietate
1207 1240 1436 1275 commotus
1478 1237 1554 1275 ait:

136 1297 375 1335 Auxiliante
413 1297 492 1335 deo
531 1297 663 1335 feram
703 1297 778 1335 tibi
818 1297 1041 1343 auxilium;
1082 1297 1155 1336 sed
1196 1297 1303 1336 sicut
1343 1310 1367 1334 a
1392 1297 1556 1335 iusticia

137 1359 369 1405 respectum
399 1369 534 1407 usque
565 1357 607 1394 in
638 1358 862 1395 crastinam
891 1357 1001 1395 diem
1032 1357 1241 1405 accepisti,
1273 1357 1373 1406 quin
1404 1369 1473 1395 eas
1505 1356 1556 1394 ad

135 1416 288 1465 placita
327 1416 535 1454 dimittere
576 1417 672 1463 noli,
715 1419 755 1455 et
794 1429 863 1455 ero
903 1416 959 1454 ibi
999 1420 1167 1465 paratus
1209 1428 1449 1455 succurrere
1487 1419 1557 1454 tue

135 1476 301 1514 ueritati
329 1478 452 1526 atque
488 1488 630 1514 eorum
664 1488 811 1515 nocere
844 1476 1029 1514 falsitati.
1076 1476 1242 1514 quenis
1276 1479 1413 1514 autem
1447 1476 1556 1525 quod

135 1535 407 1584 philosophus
438 1536 474 1573 ei
503 1535 681 1574 iusserat
708 1536 798 1585 egit.
838 1536 959 1574 Mane
986 1539 1124 1574 autem
1151 1536 1261 1574 facto
1288 1536 1404 1574 uenit
1429 1535 1556 1584 philo-

135 1595 292 1644 sophus
337 1595 388 1633 ad
432 1595 652 1634 iusticiam.
710 1595 841 1645 Quem
883 1598 1103 1646 postquam
1144 1595 1250 1633 uidit
1291 1595 1468 1641 iusticia,
1510 1599 1558 1633 ut

136 1654 367 1703 sapientem
411 1657 451 1693 et
491 1655 785 1704 philosophum
825 1655 996 1693 uocauit
1034 1657 1313 1705 uocatumque
1355 1655 1471 1692 iuxta
1511 1667 1556 1693 se

134 1714 280 1752 sedere
322 1714 431 1753 fecit.
489 1714 588 1753 Inde
631 1715 798 1753 iusticia
838 1715 1008 1753 uocauit
1051 1718 1316 1753 accusantem
1360 1718 1399 1753 et
1441 1726 1555 1752 accu-

135 1776 273 1812 satum
308 1776 348 1812 et
379 1775 563 1824 precepit
596 1775 705 1824 quod
739 1786 908 1813 suorum
942 1775 1256 1814 recordarentur
1287 1775 1554 1824 placitorum;

137 1835 178 1870 et
212 1832 273 1871 ita
308 1833 512 1872 fecerunt.
562 1834 650 1873 Illis
686 1846 788 1872 uero
825 1834 885 1872 sic
921 1846 1064 1872 coram
1101 1834 1341 1872 astantibus
1379 1834 1552 1872 iusticia

137 1891 194 1929 ait
220 1892 468 1941 philosopho
496 1893 605 1942 quod
632 1905 781 1931 causas
811 1905 952 1931 eorum
980 1893 1141 1931 audiret
1168 1896 1208 1931 et
1234 1893 1330 1930 inde
1357 1893 1556 1931 iudicium

135 1951 300 1989 faceret.
351 1952 450 1990 Inde
486 1953 780 2001 philosophus:
819 1953 987 2002 Precipe
1023 1965 1144 1999 nunc,
1183 1953 1360 1998 iusticia,
1398 1953 1556 1991 clarum

137 2010 274 2049 oleum
293 2010 344 2049 de
364 2011 547 2061 quinque
565 2013 729 2050 tonellis
750 2013 882 2061 plenis
902 2013 1146 2058 mensurari,
1168 2015 1207 2050 et
1227 2012 1335 2051 scias
1356 2015 1556 2061 quantum

135 2069 190 2108 sit
220 2069 277 2108 ibi
307 2070 407 2108 clari
439 2071 538 2117 0101;
571 2074 611 2110 01
639 2072 830 2110 similiter
857 2072 908 2110 de
939 2072 1122 2122 quinque
1150 2072 1345 2118 dimidiis,
1378 2075 1418 2109 et
1446 2071 1554 2111 scias

137 2132 338 2179 quantum
377 2131 479 2168 clari
517 2131 596 2169 olei
636 2131 692 2169 ibi
729 2132 864 2170 fuerit.
916 2132 1072 2170 Deinde
1110 2131 1292 2181 spissum
1332 2132 1468 2169 oleum
1504 2131 1556 2170 de

137 2189 320 2239 quinque
353 2189 486 2238 plenis
521 2190 685 2229 tonellis
720 2191 774 2229 sit
806 2194 1103 2237 mensuratum,
1139 2194 1180 2229 et
1211 2190 1320 2229 scias
1355 2194 1555 2241 quantum

140 2246 264 2295 spissi
292 2247 371 2285 olei
397 2247 523 2285 fuerit
546 2247 624 2294 ibi;
653 2250 693 2285 et
718 2248 906 2286 similiter
930 2249 981 2286 de
1008 2248 1190 2298 quinque
1214 2248 1398 2288 dimidiis
1424 2249 1554 2287 facias

138 2306 384 2352 mensurari,
420 2309 460 2344 et
493 2307 601 2345 scias
637 2310 837 2356 quantum
872 2308 995 2356 spissi
1031 2308 1109 2346 olei
1145 2309 1187 2346 in
1223 2308 1281 2347 eis
1317 2308 1379 2346 sit.
1439 2309 1487 2346 Et
1520 2308 1555 2346 si

134 2369 297 2406 tantum
334 2368 459 2417 spissi
497 2368 576 2406 olei
612 2368 822 2407 inueneris
858 2369 900 2407 in
935 2369 1117 2408 dimidiis
1153 2370 1316 2408 tonellis
1353 2373 1555 2420 quantum

137 2429 178 2465 et
201 2426 245 2464 in
271 2426 422 2476 plenis,
449 2426 559 2465 scias
586 2427 726 2466 oleum
752 2428 886 2466 fuisse
912 2428 1113 2466 furatum.
1152 2429 1203 2467 Et
1227 2429 1264 2467 si
1291 2429 1334 2467 in
1360 2429 1549 2467 dimidiis

139 2484 304 2523 tonellis
333 2483 543 2522 inueneris
574 2484 697 2522 talem
726 2488 884 2533 partem
913 2485 1194 2534 spissitudinis
1225 2487 1389 2536 qualem
1420 2487 1554 2525 oleum

136 2544 294 2583 clarum
319 2545 376 2583 ibi
403 2545 585 2584 existens
612 2546 747 2596 exigit,
775 2546 884 2596 quod
909 2547 1074 2597 quidem
1101 2550 1140 2586 et
1165 2548 1206 2585 in
1231 2548 1363 2597 plenis
1391 2547 1553 2586 tonellis

1608 409 1629 441 0(

1588 703 1630 735 10

1583 1599 1628 1632 25

1583 1900 1629 1933 30

1583 2199 1623 2212 ι,-

1582 2210 1627 2232 ῡΟ

1581 2497 1627 2530 40
