1790 2857
676 112 723 114 -,
784 89 833 126 35
897 112 945 114 a?

104 207 246 245 locuta
282 218 377 245 sum
414 218 510 244 cum
547 205 706 245 rustico
745 207 869 256 quod,
908 206 943 244 si
982 207 1114 245 boues
1153 207 1269 245 illius
1307 207 1520 246 dimiseris

107 264 274 303 omnino
305 263 480 313 quietos,
511 264 627 302 dabit
656 264 731 302 tibi
761 276 930 302 caseum
961 264 1012 302 ad
1042 264 1368 313 magnitudinem
1399 264 1521 313 clipei

101 326 268 364 factum.
311 325 398 364 Hoc
427 326 550 374 lupus
581 325 798 364 concessit.
842 326 915 364 Cui
944 325 1081 374 uulpis
1111 325 1207 364 inde
1236 325 1390 375 inquit:
1422 325 1522 365 Con-

105 383 206 422 cede
240 386 444 421 aratorem
479 383 608 421 boues
643 395 741 421 suos
777 383 993 429 abducere,
1031 385 1071 422 et
1105 395 1178 432 ego
1213 383 1362 421 ducam
1395 386 1435 422 te
1471 384 1522 421 ad

103 445 239 483 locum
264 444 338 483 ubi
360 447 560 494 parantur
582 444 693 483 illius
719 444 842 491 casei,
867 446 914 482 ut
938 457 1060 495 quem
1084 444 1267 483 uolueris
1292 445 1343 483 de
1367 444 1521 491 multis,

104 504 253 553 eligere
295 504 444 553 possis.
501 504 581 543 Sed
623 504 745 552 lupus
788 506 923 542 astute
963 504 1102 552 uulpis
1143 504 1339 553 deceptus
1382 504 1523 542 uerbis

107 562 291 612 quietum
319 562 432 600 abire
458 561 645 611 permisit
670 561 880 600 rusticum.
931 561 1074 611 Vulpis
1101 574 1202 600 uero
1227 562 1416 612 uagando
1443 563 1523 600 huc

104 626 143 662 et
178 623 288 670 illuc,
325 627 527 673 quantum
560 624 706 673 potuit,
740 623 885 672 lupum
918 623 1115 661 deuiauit.
1165 623 1296 673 Quem
1330 624 1524 662 ueniente

107 681 285 719 obscura
309 683 428 720 nocte
453 681 504 719 ad
529 681 657 719 altum
680 681 852 719 deduxit
875 683 1056 730 puteum.
1108 681 1181 720 Cui
1207 693 1331 730 super
1353 684 1524 730 puteum

107 741 232 779 stanti
253 740 431 779 formam
452 741 549 779 lune
571 740 798 789 semiplene
820 740 863 778 in
884 740 967 778 ima
988 740 1101 790 putei
1122 741 1322 779 radiantis
1345 741 1525 779 ostendit

107 804 147 839 et
177 800 331 850 inquit:
362 800 438 838 Hic
470 803 531 838 est
561 812 707 838 caseus
740 812 863 850 quem
894 800 968 838 tibi
998 800 1191 849 promisi!
1247 801 1458 839 Descende
1489 800 1524 838 si

103 862 240 911 placet
271 864 311 900 et
340 861 528 900 comede!
571 861 633 899 Ad
663 862 738 900 hec
767 862 912 910 lupus:
943 861 1155 900 Descende
1184 862 1388 911 primitus,
1421 864 1461 900 et
1489 862 1524 899 si

109 920 199 958 sola
226 919 387 958 deferre
418 931 501 957 non
530 919 697 968 poteris,
727 922 773 957 ut
801 923 841 958 te
872 920 1011 957 iuuem
1042 919 1193 957 faciam
1225 932 1303 969 que
1333 920 1523 957 hortaris.

105 981 154 1018 Et
192 981 270 1019 hoc
308 981 419 1019 dicto
456 981 653 1019 uiderunt
689 981 856 1019 cordam
893 981 1142 1030 pendentem
1180 981 1223 1018 in
1261 984 1443 1029 puteum,
1483 981 1526 1018 in

106 1041 224 1079 euius
268 1041 403 1090 capite
445 1043 533 1079 erat
571 1041 739 1079 urceola
778 1041 903 1090 ligata
944 1043 985 1079 et
1022 1041 1066 1078 in
1107 1041 1188 1078 alio
1227 1040 1363 1089 capite
1402 1041 1526 1079 corde

106 1101 237 1138 altera
263 1100 442 1147 urceola,
472 1103 512 1139 et
535 1100 772 1150 pendebant
797 1100 870 1138 tali
895 1100 1059 1150 ingenio
1087 1100 1197 1150 quod
1224 1112 1308 1138 una
1334 1104 1526 1150 surgente

107 1161 237 1198 altera
273 1160 562 1198 descendebat.
613 1160 731 1209 Quod
765 1160 905 1209 uulpis
941 1160 1115 1198 simulac
1151 1160 1268 1206 uidit,
1305 1160 1424 1210 quasi
1462 1160 1526 1198 ob-

107 1232 287 1269 sequens
311 1220 504 1269 precibus
528 1220 614 1268 lupi
637 1220 847 1258 urceolam
870 1220 1041 1258 intrauit
1064 1223 1104 1258 et
1127 1220 1178 1258 ad
1201 1220 1377 1258 fundum
1400 1220 1525 1258 uenit.

107 1279 247 1328 Lupus
270 1282 409 1318 autem
430 1279 526 1318 inde
546 1279 714 1329 gauisus
735 1279 813 1317 ait:
836 1279 917 1318 Cur
936 1292 1021 1318 non
1041 1279 1161 1318 affers
1182 1279 1308 1317 michi
1329 1283 1527 1318 caseum?

110 1338 257 1388 Vulpis
290 1338 371 1377 ait:
403 1339 576 1389 Nequeo
608 1351 681 1389 pre
712 1338 1017 1388 magnitudine,
1051 1340 1125 1377 sed
1157 1339 1269 1377 intra
1301 1339 1431 1377 aliam
1462 1351 1525 1377 ur-

111 1397 270 1434 ceolam
307 1399 346 1434 et
379 1396 478 1434 ueni
514 1396 622 1434 sicut
656 1396 935 1445 spopondisti!
997 1396 1112 1445 Lupo
1147 1396 1326 1434 intrante
1361 1396 1529 1440 urceola

108 1457 392 1507 magnitudine
424 1457 618 1507 ponderis
649 1457 775 1495 ducta
806 1458 887 1496 cito
916 1458 1092 1496 fundum
1123 1458 1251 1506 petiit,
1285 1458 1414 1496 altera
1446 1470 1529 1496 sur-

109 1520 228 1567 gente
262 1529 356 1555 cum
388 1518 515 1567 uulpe
548 1529 628 1568 que
660 1520 749 1555 erat
778 1517 896 1555 leuis.
944 1517 1031 1566 Que
1063 1517 1286 1565 uulpecula
1318 1520 1426 1555 tacto
1461 1529 1530 1555 ore

108 1578 222 1627 putei
251 1578 365 1616 foras
397 1577 560 1615 exiliuit
589 1580 630 1615 et
658 1577 702 1615 in
730 1580 854 1626 puteo
884 1578 1027 1626 lupum
1056 1577 1224 1615 dimisit.
1268 1577 1317 1614 Et
1346 1577 1403 1615 ita
1434 1577 1531 1627 quia

108 1649 183 1687 pro
217 1637 357 1675 futuro
393 1637 503 1687 quod
538 1648 709 1686 presens
745 1639 833 1675 erat
866 1636 1035 1683 dimisit,
1070 1637 1193 1685 lupus
1228 1637 1359 1675 boues
1395 1640 1434 1675 et
1467 1649 1529 1674 ca-

109 1709 228 1736 seum
258 1696 448 1747 perdidit.

667 1756 895 1805 Castigauit
915 1756 1048 1794 Arabs
1070 1755 1202 1794 filium
1223 1768 1345 1794 suum
1366 1756 1530 1794 dicens:

607 1814 758 1862 Accipe
799 1814 1019 1851 consilium
1062 1814 1112 1851 ab
1155 1814 1311 1859 eodem,
1353 1814 1404 1852 de
1447 1826 1528 1863 quo

606 1875 781 1925 requiris
807 1877 987 1924 experto,
1011 1875 1121 1925 quod
1143 1874 1202 1914 sic
1222 1875 1358 1913 leuius
1379 1875 1532 1913 habere

606 1935 760 1984 poteris
790 1947 914 1984 quam
941 1935 975 1974 si
1001 1937 1046 1972 tu
1073 1935 1162 1983 ipse
1187 1934 1418 1984 periculose
1445 1946 1532 1984 pro-

112 1993 291 2031 baueris.
322 2015 373 2020 ——
400 1994 519 2033 Alius
548 1994 767 2044 castigauit
794 1994 925 2032 filium
953 2006 1076 2032 suum
1104 1994 1268 2032 dicens:
1299 1994 1358 2032 Ne
1388 1994 1531 2032 credas

115 2053 228 2091 omni
250 2053 359 2103 quod
381 2053 525 2092 audies
547 2054 734 2100 consilio,
756 2054 886 2092 donec
907 2054 1021 2103 prius
1045 2066 1098 2092 an
1119 2054 1173 2091 sit
1192 2054 1292 2091 utile
1313 2053 1534 2102 probatum

112 2112 239 2150 fuerit
279 2112 324 2150 in
367 2112 520 2162 aliquo,
562 2125 615 2152 ne
657 2113 868 2162 contingat
909 2113 983 2151 tibi
1023 2113 1132 2151 sicut
1171 2113 1321 2151 latroni
1363 2113 1534 2162 contigit

115 2172 187 2221 qui
210 2171 385 2210 consilio
406 2171 564 2210 domini
586 2172 734 2211 domus
757 2172 975 2211 cuiusdam
996 2172 1180 2211 credidit.
1217 2173 1278 2210 Ad
1302 2173 1377 2211 hec
1400 2172 1532 2211 filius:

116 2231 343 2281 Quomodo,
374 2234 503 2281 pater,
536 2232 677 2271 euenit
705 2232 772 2270 ei?
813 2232 953 2270 Pater:

126 2333 569 2432 *Eggnfflexgr
611 2299 1534 2412 D¹0tuaf331a23nffffi&aazia

213 2452 335 2491 radio
367 2452 497 2491 lunae
610 2421 799 2460 tencione
826 2421 1003 2460 furandi.
1045 2422 1095 2460 Et
1122 2422 1351 2461 ascendens
1379 2425 1533 2488 tectum

501 2480 510 2490 ⁰
611 2481 663 2519 ad
696 2481 922 2519 fenestram
956 2494 1029 2530 per
1063 2494 1187 2531 quam
1219 2482 1359 2521 fumus
1395 2482 1536 2520 exibat

117 2540 318 2589 peruenit,
350 2542 390 2579 et
417 2540 453 2579 si
482 2539 633 2590 aliquis
662 2540 772 2579 intus
800 2540 990 2590 uigilaret
1018 2541 1279 2580 auscultauit.
1323 2541 1441 2591 Quod
1468 2541 1534 2579 do-

117 2599 254 2638 minus
283 2599 433 2639 domus
462 2599 662 2650 comperit
689 2602 729 2639 et
756 2600 941 2639 suauiter
968 2612 1042 2639 sue
1069 2601 1189 2640 uxori
1219 2601 1296 2639 ait:
1325 2601 1536 2650 Interroga

1360 2680 1394 2706 3*

147 1787 208 1825 De
241 1787 424 1826 consilio
457 1787 563 1826 acci·

178 1847 333 1896 piendo
366 1848 412 1885 et
441 1858 538 1896 pro-

282 1906 437 1945 bando.

1553 745 1596 777 10

1557 1044 1598 1076 15

1555 1344 1600 1376 ΞΟ

1557 1642 1602 1675 25

1559 1941 1605 1975 30

1560 2242 1604 2275 35

1560 2539 1607 2573 40
