1846 2857
857 83 1104 118 Ἀρι*

270 205 346 242 Fer
390 206 524 242 tecum
568 206 777 241 mortuum
832 215 955 252 super
997 203 1146 240 collum
1190 204 1325 240 tuum!
1394 202 1509 240 Sicut
1549 202 1685 240 fecisti

269 264 436 310 malum,
476 264 616 312 patere
652 262 1006 300 satisfaccionem!
1057 262 1103 299 In
1137 262 1305 300 domum
1340 274 1475 300 meam
1510 274 1594 299 non
1630 261 1685 298 in-

268 323 409 361 trabis.
449 322 550 361 Cum
573 324 711 359 autem
734 334 806 370 per
827 322 1010 370 singulos
1034 321 1093 359 sic
1115 321 1294 367 fecisset,
1320 321 1463 359 eodem
1486 333 1685 369 responso

271 383 307 420 ei
342 395 483 421 omnes
517 381 827 430 responderunt.
872 381 933 418 Ad
964 383 1121 429 patrem
1154 392 1247 429 ergo
1279 380 1440 418 rediens
1472 381 1687 418 nunciauit

271 454 349 491 que
390 442 554 479 fecerat.
609 441 721 477 Dixit
759 443 896 489 pater:
938 440 1115 489 Contigit
1154 440 1227 477 tibi
1268 440 1377 489 quod
1415 440 1521 477 dixit
1558 440 1685 488 philo<

269 502 446 550 sophus:
492 500 609 538 Multi
653 503 751 538 sunt
792 500 890 537 dum
933 502 1202 537 numerantur
1245 499 1379 545 amici,
1422 499 1494 537 sed
1536 500 1578 536 in
1621 512 1685 537 ne-

269 561 463 599 cessitate
499 560 633 612 pauci.
684 560 795 597 Vade
834 560 884 597 ad
920 559 1137 597 dimidium
1175 559 1353 597 amicum
1388 571 1526 597 meum
1563 571 1685 608 quem

269 621 403 658 liabeo
436 623 474 657 et
505 619 611 665 uide,
644 619 742 669 quid
773 619 883 657 dicat
913 619 1004 657 tibi!
1048 619 1168 656 Venit
1199 622 1237 656 et
1267 618 1375 656 sicut
1403 618 1495 656 aliis
1526 618 1687 656 dixerat

268 681 363 717 huic
400 680 466 717 ait.
514 679 591 727 Qui
624 679 747 716 dixit:
781 679 893 716 Intra
922 678 1110 716 domum!
1156 678 1247 716 Non
1281 680 1343 715 est
1373 678 1449 715 hoc
1482 680 1685 716 secretum

201 745 244 778 10
270 739 377 788 quod
421 739 571 776 uicinis
616 738 765 776 debeat
806 738 1024 787 propalari.
1080 738 1243 775 Emissa
1286 749 1379 786 ergo
1420 748 1549 775 uxore
1591 748 1685 775 cum

270 799 379 837 omni
412 798 572 836 familia
602 811 677 836 sua
707 799 961 847 sepulturam
992 797 1105 835 fodit.
1149 797 1250 836 Cum
1282 800 1419 834 autem
1449 797 1518 834 ille
1548 797 1686 834 omnia

268 861 412 906 parata
457 858 626 903 uideret,
673 870 758 895 rem
802 860 924 905 prout
966 860 1054 894 erat
1095 856 1291 895 disseruit
1333 856 1490 905 gracias
1547 868 1683 905 agens.

270 918 424 955 Deinde
459 917 565 966 patri
600 917 739 955 retulit
772 929 851 966 que
884 917 1048 954 fecerat.
1095 916 1214 954 Pater
1246 928 1346 953 uero
1381 916 1457 953 ait:
1503 915 1580 953 Pro
1614 915 1685 953 tali

269 977 402 1015 amico
426 977 526 1014 dicit
548 975 840 1025 philosophus:
863 976 937 1013 Hic
962 978 1024 1013 est
1044 988 1142 1013 uere
1166 976 1322 1013 amicus
1347 975 1416 1024 qui
1441 979 1479 1012 te
1503 974 1684 1020 adiuuat,

200 1041 242 1074 15
268 1049 361 1074 cum
401 1037 587 1074 seculum
626 1036 699 1073 tibi
737 1035 886 1073 deficit.
937 1035 1048 1072 Dixit
1084 1035 1193 1073 filius
1232 1035 1282 1072 ad
1320 1037 1500 1083 patrem:
1538 1034 1684 1072 Vidisti

268 1097 477 1134 hominem
512 1096 580 1145 qui
613 1096 815 1143 integrum
846 1095 925 1132 sibi
957 1095 1135 1132 amicum
1164 1095 1347 1132 lucratus
1377 1094 1530 1132 fuerit?
1573 1094 1685 1131 Tunc

270 1158 405 1203 pater:
442 1154 532 1191 Non
556 1153 642 1191 uidi
667 1153 844 1202 quidem,
871 1152 941 1189 sed
968 1152 1119 1189 audiui.
1167 1152 1278 1189 Tunc
1302 1152 1433 1189 filius:
1471 1151 1684 1189 Renuncia

269 1215 392 1252 michi
430 1216 482 1253 de
520 1227 580 1260 eo,
620 1214 655 1251 si
690 1215 795 1251 forte
833 1214 955 1251 talem
991 1212 1115 1250 michi
1155 1213 1410 1262 adquisiero!
1461 1213 1511 1250 At
1547 1215 1683 1260 pater:

222 456 244 489 UT

764 1304 916 1340 elatum
956 1306 1018 1340 est
1055 1302 1179 1340 michi
1216 1303 1266 1340 de
1302 1302 1464 1340 duobus
1503 1302 1685 1351 negocia-

785 1363 955 1409 toribus,
989 1374 1164 1411 quorum
1191 1374 1300 1400 unus
1331 1364 1418 1399 erat
1445 1361 1487 1398 in
1516 1362 1684 1410 Egypto,

694 1423 797 1460 alter
835 1422 1027 1463 Baldach,
1069 1434 1196 1470 seque
1235 1422 1323 1459 solo
1361 1421 1503 1459 auditu
1541 1433 1684 1470 cogno-

692 1484 839 1520 uerant
881 1484 919 1519 et
958 1493 1029 1529 per
1070 1482 1349 1519 internuncios
1389 1493 1461 1529 pro
1501 1480 1580 1517 sibi
1618 1492 1684 1518 ne-

267 1542 459 1579 cessariis
501 1541 730 1579 mittebant.
784 1541 962 1589 Contigit
1000 1544 1137 1579 autem
1174 1543 1220 1578 ut
1257 1540 1327 1590 qui
1365 1544 1453 1578 erat
1489 1540 1682 1585 Baldach,

268 1601 310 1638 in
343 1601 676 1649 negociacionem
707 1601 783 1638 iret
813 1601 855 1637 in
884 1601 1096 1649 Egyptum.
1139 1600 1392 1649 Egypciacus
1424 1599 1563 1636 audito
1595 1599 1683 1636 eius

195 1670 240 1703 25
268 1660 449 1698 aduentu
491 1660 668 1697 occurrit
707 1660 743 1697 ei
784 1663 824 1697 et
860 1660 1044 1708 suscepit
1082 1671 1176 1697 euni
1214 1659 1396 1708 gaudens
1436 1659 1477 1695 in
1515 1658 1683 1696 domum

268 1732 386 1757 suam
425 1722 465 1757 et
500 1720 542 1756 in
580 1719 770 1756 omnibus
808 1719 845 1756 ei
881 1719 1055 1756 seruiuit
1090 1719 1197 1756 sicut
1231 1730 1320 1755 mos
1358 1721 1420 1755 est
1455 1717 1682 1755 amicorum

266 1792 338 1827 per
370 1779 502 1816 -VIII·
533 1779 620 1816 dies
652 1781 691 1816 et
720 1778 900 1816 ostendit
928 1778 965 1816 ei
995 1790 1137 1816 omnes
1168 1777 1373 1815 manerias
1403 1780 1548 1814 cantus
1578 1789 1680 1826 quas

267 1838 446 1876 habebat
477 1838 520 1875 in
549 1838 670 1876 domo
700 1850 787 1875 sua.
830 1837 976 1875 Finitis
1007 1837 1139 1874 -VHI-
1169 1836 1315 1874 diebus
1346 1836 1577 1874 infirmatus
1608 1838 1681 1874 est.

270 1897 386 1945 Quod
418 1896 541 1934 ualde
576 1895 753 1944 grauiter
785 1895 976 1932 dominus
1009 1895 1059 1931 de
1093 1894 1225 1931 amico
1258 1905 1334 1931 suo
1365 1894 1501 1931 ferens
1535 1893 1684 1932 asciuit

195 1966 241 1998 30
271 1968 413 1994 omnes
446 1955 627 1993 medicos
662 1955 926 2003 Egypciacos,
959 1957 1005 1991 ut
1037 1954 1214 1991 amicum
1248 1953 1451 2001 hospitem
1483 1952 1682 1990 uiderent.

266 2017 412 2055 Medici
441 2028 541 2054 uero
568 2017 734 2064 palpato
761 2016 894 2064 pulsu,
923 2015 1070 2053 iterum
1098 2018 1136 2052 et
1162 2015 1308 2052 iterum
1335 2014 1455 2051 urina
1482 2017 1679 2063 respecta,

268 2077 421 2113 nullam
441 2076 482 2113 in
502 2088 550 2114 eo
569 2077 826 2124 agnouerunt
842 2074 1134 2113 infirmitatem.
1165 2073 1214 2112 Et
1232 2073 1329 2123 quia
1346 2085 1418 2121 per
1433 2074 1509 2111 hoc
1525 2073 1680 2111 nullam

266 2136 521 2183 corporalem
579 2147 783 2184 agnouere
840 2133 1132 2179 infirmitatem,
1191 2133 1342 2170 amoris
1399 2132 1536 2171 sciunt
1590 2144 1681 2170 esse

265 2195 514 2243 passionem.
562 2195 648 2232 Hoc
682 2194 818 2243 agnito
850 2193 1042 2230 dominus
1074 2192 1190 2230 uenit
1221 2192 1271 2230 ad
1305 2204 1398 2230 eum
1431 2195 1471 2230 et
1502 2191 1682 2241 quesiuit

193 2262 239 2296 35
266 2254 300 2292 si
334 2266 418 2305 qua
453 2257 561 2291 esset
593 2254 742 2291 mulier
775 2253 816 2290 ln
848 2253 970 2290 domo
1004 2264 1080 2289 sua
1113 2264 1237 2301 quam
1268 2251 1464 2300 diligeret.
1511 2250 1573 2288 Ad
1604 2250 1679 2287 hec

267 2326 379 2362 eger:
429 2313 608 2351 Ostende
652 2313 777 2350 michi
823 2324 965 2350 omnes
1008 2311 1155 2349 domus
1199 2314 1269 2348 tue
1311 2310 1517 2356 mulieres,
1563 2311 1602 2347 et
1645 2309 1678 2347 si

264 2373 370 2411 forte
412 2372 516 2410 inter
558 2384 627 2409 eas
669 2373 775 2409 hanc
814 2371 969 2417 uidero,
1011 2371 1085 2408 tibi
1127 2370 1354 2409 ostendam.
1409 2369 1497 2418 Quo
1537 2368 1677 2406 audito

269 2431 303 2469 ei
346 2430 524 2468 ostendit
563 2430 809 2467 cantatrices
851 2431 890 2467 et
929 2428 1221 2477 pedissequas:
1274 2439 1447 2477 quarum
1487 2426 1601 2463 nulla
1641 2426 1676 2463 ei

266 2491 523 2541 complacuit.
569 2491 667 2528 Post
696 2491 770 2528 hoc
803 2490 983 2528 ostendit
1012 2489 1048 2527 ei
1079 2501 1221 2527 omnes
1252 2488 1379 2525 filias:
1410 2488 1485 2525 has
1515 2498 1679 2537 quoque

384 2578 424 2612 21
455 2577 580 2611 baldac
608 2578 736 2618 (stets).

286 1334 582 1383 Exemplum
604 1334 668 1373 11:
691 1299 760 1387 R

345 1394 406 1432 De
434 1394 608 1460 integro

406 1465 557 1491 amlco.

196 1398 215 1407 ..ι
