1790 2857
728 61 1001 97 —45-

155 180 214 218 ait
257 178 526 228 complicibus
585 179 693 217 suis:
739 179 893 217 Seruus
936 179 1002 216 dei
1048 180 1128 217 est!
1184 179 1327 217 Videte
1371 191 1422 216 ne
1476 178 1574 228 quid

155 239 375 278 molestum
404 238 441 277 ei
465 238 630 277 faciatis
657 241 729 276 aut
754 239 1031 277 inhonestum.

723 299 827 336 Item
856 297 1093 347 discipulus
1123 298 1346 347 magistro:
1380 298 1483 336 Cum
1513 310 1573 335 se-

653 356 815 394 cularia
839 356 899 394 ita
921 356 1006 394 sint
1030 356 1172 403 exilia,
1197 368 1270 394 cur
1294 368 1572 406 preparamus

153 417 270 454 tanta
310 415 430 465 quasi
466 415 702 453 durabilia?
753 415 967 464 Magister:
1007 415 1212 464 Quoniam
1250 415 1335 453 uite
1374 415 1572 453 terminus

157 477 222 513 est
243 474 443 513 incertus.
478 475 529 513 Et
550 474 830 524 philosophus
854 475 934 512 ait:
959 474 1143 524 Operare
1166 486 1240 525 pro
1263 475 1407 513 futuro
1430 475 1574 513 seculo

152 534 275 584 quasi
317 546 426 572 nunc
469 535 526 573 sis
567 534 804 579 moriturus,
848 536 888 572 et
927 546 1001 582 pro
1041 534 1222 582 presenti
1265 534 1372 572 sicut
1411 546 1574 582 semper

153 593 352 631 uicturus.
382 592 530 631 Melius
551 595 613 630 est
630 592 739 630 enim
759 592 867 641 quod
886 594 979 640 post
996 595 1171 630 mortem
1188 596 1303 630 tuam
1318 604 1343 630 a
1358 596 1396 630 te
1412 592 1573 641 quesita

154 652 336 690 habeant
374 652 531 690 inimici
572 663 696 701 quam
734 651 778 688 in
816 651 905 689 uita
943 654 1016 689 tua
1055 664 1175 700 egeas
1217 651 1326 701 quod
1367 651 1440 689 tibi
1480 652 1571 689 sub-

184 328 244 366 De
264 328 383 366 vitae
414 328 616 367 termino.

154 711 326 750 ueniant
359 711 492 749 amici.
527 733 578 737 »-
611 711 750 748 Alius:
786 710 981 749 Seculum
1016 714 1077 749 est
1111 711 1231 760 quasi
1263 711 1484 750 transitus:
1521 712 1571 749 ob

151 773 229 811 hoc
263 773 403 822 itaque
434 785 528 810 cum
559 772 777 811 honestate
810 772 883 810 tibi
916 772 1055 810 omnia
1086 772 1270 821 prouide,
1305 772 1402 822 quia
1434 773 1571 811 breuis

154 834 216 870 est
248 844 394 871 cursus
426 832 523 870 uite.
556 854 606 858 -
638 832 776 870 Alius:
810 832 1005 870 Seculum
1037 836 1100 871 est
1132 832 1251 882 quasi
1282 844 1409 881 pons:
1443 833 1572 870 transi

154 904 275 942 ergo;
315 904 366 930 ne
406 891 648 941 hospiteris.
688 913 738 918 —
776 891 919 929 Alius:
960 892 1158 930 Seculum
1198 895 1262 930 est
1303 892 1425 942 quasi
1465 904 1571 941 pons

152 951 381 990 instabilis:
425 951 542 989 cuius
584 951 777 989 introitus
821 954 884 989 est
922 951 1066 988 matris
1108 954 1261 997 uterus,
1305 954 1346 989 et
1387 951 1571 990 eiusdem

151 1023 262 1049 mors
293 1010 368 1049 erit
396 1010 542 1049 exitus.
570 1032 620 1037 —
648 1010 755 1049 Dicit
779 1010 1058 1049 uersificator:

330 1078 429 1112 Mors
460 1080 518 1112 est
536 1081 655 1124 porta
686 1081 819 1122 patens
852 1079 1010 1113 terrenis
1036 1079 1174 1124 peruia
1205 1079 1374 1120 cunctis;

331 1133 403 1167 Sed
432 1144 547 1178 quero
576 1135 661 1178 post
688 1134 785 1168 hanc
815 1144 885 1179 que
916 1134 965 1168 sit
993 1134 1166 1168 habenda
1196 1135 1340 1168 domus

152 1197 225 1235 Est
274 1197 383 1235 enim
433 1197 582 1236 domus
632 1197 878 1236 deliciarum
928 1198 1004 1236 deo
1053 1198 1364 1245 famulancium‚
1417 1201 1482 1237 est
1531 1203 1569 1237 et

147 1258 316 1297 diuersa
340 1271 470 1308 penas
495 1260 837 1308 promerencium.
864 1282 913 1286 ——
938 1260 1070 1298 Arabs
1095 1260 1364 1309 interrogauit
1388 1263 1567 1309 patrem:

147 1317 363 1367 Quomodo
388 1318 558 1357 domum
581 1319 824 1357 deliciarum
849 1321 888 1357 et
911 1319 1082 1368 gloriam
1106 1319 1194 1358 eius
1219 1320 1369 1358 lucrari
1394 1323 1567 1369 potero?
1599 1327 1609 1339 ⁹

150 1375 290 1414 Pater:
327 1376 530 1427 Quicquid
563 1377 712 1414 melius
747 1380 786 1415 et
818 1377 1045 1426 preciosius
1080 1378 1221 1424 habes,
1257 1390 1409 1426 repone
1444 1378 1486 1415 in
1520 1391 1567 1417 ea

144 1437 476 1484 custodiendum,
512 1440 552 1476 et
582 1438 772 1477 inuenies
805 1450 899 1476 cum
931 1439 1027 1476 illuc
1059 1439 1224 1477 ueneris
1257 1439 1331 1477 tibi
1363 1443 1565 1488 paratum.

148 1496 297 1535 Filius:
333 1497 554 1550 ¹Quomodo
593 1510 766 1546 possum
805 1498 848 1536 in
887 1511 979 1536 eam
1016 1498 1185 1537 domum
1222 1499 1442 1547 pecuniam
1481 1512 1567 1548 pre-

147 1556 321 1603 mittere,
361 1557 478 1595 cuius
517 1557 699 1596 hostium
737 1558 920 1596 nondum
955 1558 1053 1596 noui
1091 1558 1234 1596 adire?
1282 1559 1423 1597 Pater:
1460 1559 1567 1597 Audi

145 1616 257 1665 quod
310 1616 409 1654 fecit
461 1616 572 1654 filius
627 1617 854 1656 consiliarii
908 1618 1013 1667 regis
1066 1621 1162 1667 post
1214 1618 1371 1656 obitum
1425 1619 1565 1667 patris.

143 1675 295 1714 Filius:
319 1675 452 1723 Pater,
474 1676 575 1723 fare,
599 1689 674 1715 nec
698 1677 996 1727 subterfugiam
1017 1677 1185 1716 monitis
1210 1678 1386 1716 obedire.
1423 1678 1562 1717 Pater:

715 1784 765 1809 ex
799 1772 966 1821 quidam
1000 1772 1230 1821 sapientem
1262 1773 1408 1811 habuit
1438 1773 1568 1812 consi—

736 1831 901 1869 liarium
936 1834 974 1870 et
1003 1832 1264 1878 familiarem,
1299 1833 1368 1882 qui
1399 1833 1567 1871 tandem

200 1929 222 1956 c
309 1919 351 1957 .l.
411 1919 436 1928 ..
555 1920 564 1928 .
644 1890 808 1940 legibus
832 1894 983 1930 nature
1008 1892 1160 1929 fauens
1187 1904 1368 1941 paruum
1394 1892 1566 1942 reliquit

225 1930 320 1957 onffl
339 1931 439 2016 haffu
469 1932 591 1969 regls
642 1949 835 1988 heredem
879 1951 984 1988 bene
1028 1950 1338 1999 disciplinatum
1383 1954 1423 1988 et
1465 1952 1565 1989 curi-

386 1990 442 2017 10.
641 2010 760 2047 alem.
807 2009 881 2048 Cui
911 2013 1040 2048 totam
1072 2023 1151 2060 que
1180 2023 1330 2059 magna
1361 2014 1448 2048 erat
1476 2023 1565 2061 pos-

143 2064 377 2103 sessionem
405 2068 444 2104 et
468 2067 716 2105 diuiciarum
743 2081 914 2107 aceruos
943 2070 1187 2118 subscripsit
1213 2073 1252 2108 et
1278 2070 1399 2108 morti
1426 2070 1562 2109 cessit.

148 2122 240 2173 Quo
269 2123 382 2161 (facto
417 2136 489 2162 rex
523 2125 574 2162 ad
608 2137 652 2163 se
686 2137 860 2174 puerum
892 2127 1061 2164 uocauit
1094 2130 1133 2165 et
1164 2127 1216 2165 de
1250 2128 1377 2176 patris
1413 2141 1563 2167 occasu

148 2196 200 2222 ne
228 2184 320 2233 plus
351 2184 460 2223 iusto
488 2185 646 2224 doleret
674 2188 905 2225 ammonuit
933 2191 973 2226 et
1002 2201 1246 2238 quecunque
1275 2192 1391 2238 pater
1419 2190 1478 2228 illi
1508 2203 1564 2229 re-

145 2243 279 2292 genda
316 2243 486 2282 dederat
522 2247 772 2284 testamento
809 2246 991 2285 firmauit
1028 2250 1067 2285 et
1103 2248 1272 2298 insuper
1309 2249 1418 2299 quod
1457 2252 1564 2289 etate

147 2303 234 2341 eius
281 2303 467 2352 exigente
512 2304 555 2341 111
598 2305 727 2354 patris
771 2306 908 2344 locum
952 2307 1181 2356 susciperet
1224 2321 1317 2346 eum
1360 2310 1560 2359 promisit..

142 2362 244 2401 Inde
281 2363 487 2401 ualedicto
526 2364 690 2403 iuuenis
729 2366 836 2404 letus
875 2366 926 2404 ad
964 2367 1130 2415 propria
1167 2369 1378 2407 remeauit.
1431 2369 1561 2419 Quem

145 2434 219 2459 rex
246 2422 445 2460 obliuioni
470 2423 649 2470 tradidit,
675 2437 750 2463 1100
776 2425 864 2474 ipse
890 2425 941 2463 ad
967 2439 1102 2476 regem
1128 2439 1311 2466 remeare
1335 2429 1560 2467 festinauit.

145 2479 287 2529 Longo
312 2480 507 2529 temporis
533 2481 751 2520 interuallo
775 2483 818 2520 in
844 2483 987 2522 eadem
1012 2484 1176 2534 regione
1201 2497 1281 2536 qua
1305 2499 1408 2536 puer
1429 2487 1562 2526 inerat

244 2550 284 2583 19
310 2561 403 2594 pena
427 2562 542 2595 prom.
571 2570 614 2575 —
642 2552 686 2586 35
712 2552 931 2588 testimonio.

189 1800 414 1851 Exempl.
437 1801 604 1840 XXIX:
645 1768 714 1855 R

242 1860 304 1898 De
335 1860 538 1909 prudenti

1624 419 1645 452 5

1603 712 1645 745 10
