1790 2857
699 55 972 90 —27-

127 173 323 211 Adductis
352 173 544 211 omnibus
571 185 643 210 rex
667 173 960 221 philosophum
986 173 1055 222 qui
1080 173 1308 210 uocabatur
1333 173 1545 211 Auxilium

127 233 370 270 Miserorum
391 244 485 270 cum
506 232 598 270 aliis
619 232 874 281 sapientibus
896 232 946 270 ad
967 245 1011 270 se
1030 232 1199 270 uocauit
1219 232 1360 281 eisque
1381 244 1544 270 accusa-

127 292 227 330 toris
259 303 406 329 uocem
439 294 479 329 et
509 292 692 330 accusati
724 292 865 329 audire
897 295 937 329 et
968 291 1146 330 enodare
1176 292 1369 340 precepit.
1414 292 1544 329 Philo-

127 352 283 400 sophus
327 351 405 389 11οο
451 351 624 389 audiens
669 354 898 389 commotus
942 352 1094 399 pietate
1138 363 1361 400 pauperem
1405 351 1456 388 ad
1501 364 1544 389 se

127 410 295 449 uocauit
322 414 361 448 et
385 411 443 448 ait
468 411 503 449 ei
529 413 706 449 secrete:
732 411 803 448 Die
829 411 966 457 michi,
992 411 1130 456 frater,
1157 411 1191 449 si
1217 411 1339 448 huius
1366 411 1544 448 hominis

127 470 346 519 pecuniam
387 471 603 516 habueris3
645 470 792 520 quodsi
832 483 915 508 11011
954 471 1160 516 habueris,
1203 471 1428 508 auxiliante
1467 470 1544 508 deo

132 532 170 566 te
194 528 369 566 liberare
394 529 585 566 conabor.
628 528 689 565 Ad
715 529 788 565 1100
814 540 990 576 pauper:
1017 528 1102 566 Scit
1126 529 1226 566 deus
1252 529 1361 577 quod
1387 528 1545 565 reddidi

129 592 328 639 quantum
368 590 528 628 inueni!
579 589 677 627 Inde
714 590 986 638 philosophus
1024 590 1075 627 ad
1114 602 1270 638 regem:
1309 590 1351 627 Si
1390 593 1546 627 rectum

128 649 224 686 inde
245 649 444 687 iudicium
464 649 584 687 uobis
607 649 748 687 audire
770 650 957 698 plauerit,
980 650 1126 687 dicam.
1162 650 1251 687 Rex
1274 650 1348 687 hoc
1373 649 1545 687 audiens

127 711 172 746 ut
214 709 416 746 indicaret
458 709 627 758 rogauit.
683 709 795 746 Tune
836 709 1108 757 philosophus
1152 709 1256 757 regi:
1299 709 1379 746 Iste
1422 709 1545 746 1101110

127 768 244 806 diues
280 769 413 806 bonus
447 769 621 806 multum
655 772 718 806 est
749 772 789 806 et
820 769 1026 806 credibilis
1061 772 1102 806 et
1131 769 1319 806 ueritatis
1351 781 1546 817 magnum

128 828 252 866 habet
284 829 579 874 testimonium,
614 831 654 865 et
683 841 765 866 11011
797 832 859 866 est
889 828 1084 866 credibile
1117 841 1209 866 eum
1242 828 1397 877 aliquid
1429 828 1546 866 inter-

132 898 273 934 rogare
296 886 405 935 quod
428 898 510 923 non
529 886 750 924 amisisset.
785 886 832 923 Et
855 899 905 923 ex
927 886 1007 923 alia
1029 890 1143 934 parte
1164 886 1358 924 credibile
1380 886 1546 935 quidem

128 947 253 984 michi
279 947 443 985 uidetur
468 947 576 997 quod
601 948 678 985 iste
703 960 859 996 pauper
883 948 1006 986 homo
1033 948 1158 985 nichil
1186 948 1362 996 amplius
1388 948 1548 985 inuenit

130 1019 253 1056 quam
287 1007 395 1056 quod
429 1007 615 1053 reddidit,
651 1008 747 1056 quia
778 1008 911 1045 malus
944 1008 1068 1045 homo
1100 1008 1134 1046 si
1168 1011 1288 1053 esset,
1324 1019 1405 1044 11011
1438 1007 1547 1056 quod

130 1066 305 1104 reddidit
349 1067 548 1113 redderet,
595 1067 720 1105 immo
767 1070 895 1104 totum
939 1068 1102 1105 celaret.
1159 1067 1258 1104 Inde
1301 1080 1394 1105 rex:
1441 1067 1546 1115 Quid

130 1129 266 1164 autem
295 1126 453 1164 iudicas
482 1126 589 1173 inde,
617 1127 891 1175 philosophe?
931 1127 1227 1175 Philosophus:
1257 1126 1288 1164 O
1318 1140 1401 1172 rex,
1431 1139 1547 1164 sume

130 1198 300 1224 censum
337 1189 375 1224 et
409 1186 462 1224 da
497 1199 547 1224 ex
582 1199 630 1224 eo
664 1187 835 1235 pauperi
871 1190 1035 1224 centum
1072 1187 1237 1232 talenta,
1274 1190 1313 1224 et
1348 1186 1456 1236 quod
1492 1199 1548 1224 re-

132 1244 331 1282 manserit
366 1256 488 1282 serua
522 1244 652 1282 donec
690 1245 831 1281 ueniat
868 1244 937 1293 qui
974 1257 1143 1281 censum
1181 1245 1412 1293 interroget,
1451 1244 1548 1293 quia

132 1317 216 1342 11011
244 1307 307 1343 est
334 1305 415 1350 hic,
445 1305 566 1343 cuius
596 1305 674 1343 iste
704 1318 856 1343 census
886 1305 963 1351 sit‚·
993 1308 1033 1344 et
1062 1306 1141 1343 iste
1171 1306 1292 1343 diues
1322 1306 1447 1343 homo
1477 1309 1544 1343 eat
1576 1318 1585 1327 ⁹

130 1364 181 1401 ad
218 1376 439 1413 preconem
479 1368 517 1402 et
553 1364 681 1402 faciat
716 1365 967 1413 interrogare
1004 1365 1217 1402 sacculum
1254 1377 1347 1402 cum
1385 1364 1547 1403 duobus

130 1424 402 1472 serpentibus.
448 1423 548 1473 Regi
580 1427 717 1462 autem
748 1425 904 1472 placuit
932 1425 1009 1462 hoc
1039 1424 1238 1461 iudicium
1268 1429 1392 1473 atque
1423 1424 1548 1461 omni-

129 1483 204 1521 bus
227 1483 283 1520 ibi
304 1483 680 1522 circumstantibus.
714 1484 838 1521 Diues
859 1496 957 1521 uero
979 1484 1047 1533 qui
1069 1485 1280 1522 sacculum
1302 1484 1546 1532 perdiderat,

128 1543 206 1580 1100
237 1543 409 1581 audiens
440 1543 594 1592 inquit:
624 1543 736 1581 Bone
766 1556 849 1589 rex,
879 1544 971 1581 dico
1000 1544 1074 1581 tibi
1104 1544 1146 1580 in
1174 1544 1348 1581 ueritate
1378 1556 1548 1582 censum

130 1603 254 1640 istum
280 1604 411 1641 fuisse
437 1615 595 1649 meum;
622 1603 694 1640 sed
720 1603 818 1652 quia
842 1604 1033 1641 uolebam
1059 1603 1230 1652 pauperi
1257 1603 1413 1641 homini
1440 1603 1549 1652 quod
1577 1608 1588 1626 ‘⁴

128 1674 251 1711 preco
277 1663 522 1710 promiserat
546 1663 719 1708 auferre,
745 1663 830 1700 dixi
856 1663 988 1701 adhuc
1013 1663 1138 1700 michi
1164 1663 1290 1700 alium
1316 1667 1549 1711 serpentem

129 1722 286 1760 deesse.
325 1722 405 1760 Sed
428 1722 563 1768 modo,
589 1735 672 1768 rex,
698 1723 777 1760 mei
800 1723 995 1761 miserere
1020 1725 1058 1760 et
1083 1723 1192 1772 quod
1215 1734 1337 1771 preco
1361 1722 1551 1770 promisit

130 1781 299 1819 reddam
338 1783 521 1831 pauperi.
575 1782 664 1820 Rex
703 1777 799 1820 inde
838 1794 960 1820 suum
999 1782 1168 1820 tradidit
1206 1794 1376 1820 censum
1415 1782 1547 1828 diuiti,

130 1840 246 1879 diues
273 1845 411 1879 autem
435 1842 619 1890 pauperi,
646 1847 685 1879 et
709 1842 765 1879 ita
788 1842 1060 1890 philosophus
1086 1854 1212 1880 sensu
1239 1846 1361 1891 atque
1386 1842 1548 1890 ingenio

130 1912 354 1948 pauperem
393 1901 597 1939 liberauit.
638 1924 688 1927 —
729 1902 986 1950 Discipulus:
1027 1902 1208 1950 Apparet
1246 1902 1322 1939 hoc
1363 1914 1454 1939 esse
1494 1901 1549 1939 in-

133 1959 301 2008 genium
330 1960 611 2010 philosophie,
643 1963 683 1999 et
712 1961 789 1998 1100
820 1961 1014 2010 exemplo
1045 1973 1128 1999 non
1158 1964 1220 1999 est
1251 1961 1403 1998 mirum
1434 1962 1545 2010 quod

133 2016 185 2055 de
208 2017 370 2055 duabus
394 2018 636 2056 mulieribus
663 2018 861 2056 Salomon
885 2018 1094 2056 iudicauit.

613 2120 889 2169 Philosophus
931 2121 1008 2159 ait:
1049 2121 1109 2158 Ne
1150 2120 1397 2169 aggrediaris
1437 2120 1550 2158 uiam

556 2191 650 2217 cum
694 2180 845 2234 aliquo,
891 2180 972 2217 nisi
1017 2192 1109 2218 eum
1151 2180 1265 2228 prius
1309 2180 1547 2229 agnoueris!

558 2239 600 2276 Si
629 2239 849 2288 quisquam
875 2240 949 2277 tibi
976 2240 1139 2288 ignotus
1166 2252 1211 2277 se
1237 2240 1279 2276 111
1304 2240 1374 2277 uia
1401 2239 1550 2278 associ-

133 2297 265 2334 auerit
296 2291 456 2347 iterque
489 2301 604 2336 tuum
636 2298 961 2347 inuestigauerit,
993 2299 1058 2336 dic
1089 2302 1129 2337 te
1159 2299 1321 2348 longius
1353 2300 1460 2337 uelle
1492 2299 1550 2337 ire

135 2368 262 2405 quam
288 2356 574 2406 disposueris3
602 2360 643 2395 et
669 2357 704 2396 si
732 2358 931 2396 detulerit
957 2358 1162 2404 lanceam,
1191 2359 1300 2397 uade
1329 2359 1381 2396 ad
1408 2359 1547 2397 dexte-

133 2427 220 2453 ram
231 2430 241 2463 5
277 2415 314 2454 si
347 2427 500 2462 ensem,
535 2416 641 2454 uade
675 2417 725 2454 ad
759 2417 981 2455 sinistram.
1016 2440 1066 2444 —
1099 2418 1230 2456 Arabs
1263 2417 1394 2455 filium
1428 2430 1551 2456 suum

191 2149 252 2188 De
283 2150 498 2189 societate

261 2209 428 2258 ignota.

228 2544 249 2577 5
275 2544 307 2578 ei
333 2546 467 2578 secrete
493 2545 591 2587 fehlt.

1577 711 1619 743 10

1578 1010 1620 1042 15

1577 1908 1622 1941 30

1577 2238 1622 2270 35
