1846 2857
808 83 1083 119 —12ffl

235 200 270 238 si
302 200 530 249 periculum
561 200 757 247 euaseris‚
788 203 832 238 ut
862 200 972 238 aliud
1002 201 1130 246 ineas,
1162 201 1259 250 quia
1289 201 1388 238 illud
1418 213 1500 239 non
1529 200 1655 239 faciet

234 263 278 298 ut
305 260 441 298 simile
467 262 742 309 pertranseas.
770 282 819 285 ——
846 260 958 297 Dixit
982 260 1182 297 Arabicus
1210 260 1293 298 filio
1321 272 1417 299 suo:
1445 260 1487 298 Si
1515 272 1651 310 quem-

234 319 333 357 libet
368 319 522 357 uideris
558 319 679 357 malis
716 319 908 367 operibus
943 319 1192 367 pregrauari,
1229 331 1279 356 ne
1312 322 1352 357 te
1386 319 1652 366 intromittas,

234 379 331 428 quia
368 379 437 428 qui
472 378 698 427 pendulum
733 378 916 424 soluerit,
952 390 1076 426 super
1109 379 1226 415 illum
1259 378 1378 416 ruina
1413 379 1499 417 erit.

729 468 917 506 ransiens
941 468 1108 518 quidam
1130 480 1202 517 per
1222 468 1372 506 siluam
1394 469 1550 507 inuenit
1571 481 1649 507 ser-

750 530 915 576 pentem
950 540 974 565 a
1000 528 1235 575 pastoribus
1270 531 1480 565 extentum
1514 531 1552 566 et
1584 528 1651 566 sti-

656 587 809 635 pitibus
832 586 1054 636 alligatum.
1088 587 1218 635 Quem
1236 599 1333 625 mox
1353 587 1532 625 solutum
1547 587 1649 625 cale-

659 646 799 684 facere
830 646 1009 684 curauit.
1058 645 1298 684 Calefactus
1331 658 1504 695 serpens
1537 646 1649 684 circa

230 703 441 741 fouentem
479 717 644 753 serpere
681 705 789 753 cepit
826 708 865 742 et
901 705 1066 743 tandem
1103 706 1275 753 ligatum
1311 717 1434 754 graue
1472 705 1646 743 strinxit.

163 764 206 796 10
231 763 344 800 Tunc
381 764 528 801 honio:
568 764 690 812 Quid,
730 763 879 813 inquit,
918 764 1054 801 facis?
1107 764 1188 801 Cur
1225 764 1384 801 malum
1423 777 1496 813 pro
1534 765 1643 802 bono

232 822 397 859 reddis?
446 823 644 860 Naturam
679 835 826 869 meam,
861 823 967 860 dixit
1000 836 1182 871 serpens,
1217 823 1336 861 facio.
1383 823 1555 869 Bonum,
1592 823 1651 861 ait

230 881 310 927 ille,
336 881 410 918 tibi
433 882 525 927 feci,
550 885 590 919 et
612 882 711 919 illud
735 882 844 920 malo
868 882 992 919 michi
1016 882 1176 920 soluis‘?
1213 883 1297 920 Illis
1321 882 1378 920 sic
1403 883 1647 920 contenden-

231 940 339 978 tibus
373 943 524 978 uocata
557 943 619 979 est
652 941 758 979 inter
791 954 859 979 eos
894 942 945 978 ad
979 941 1175 979 iudicium
1209 942 1359 989 uulpis.
1408 942 1481 980 Cui
1515 944 1646 979 totum

229 1003 273 1037 ut
312 1003 508 1038 euenerat
545 1004 608 1038 est
644 1003 918 1038 monstratum
955 1013 1005 1038 ex
1043 1001 1195 1039 ordine.
1244 1001 1355 1038 Tunc
1394 1002 1552 1050 uulpis:
1590 1002 1648 1039 De

160 1061 202 1093 15
228 1059 306 1097 hac
340 1071 466 1097 causa
499 1059 682 1097 iudicare
713 1072 785 1108 per
817 1060 1002 1098 auditum
1035 1061 1189 1108 ignoro,
1221 1061 1302 1099 nisi
1335 1061 1510 1110 qualiter
1542 1061 1649 1099 inter

227 1131 303 1156 uos
347 1119 526 1167 primum
568 1119 692 1157 fuerit
734 1119 785 1156 ad
828 1120 993 1157 oculum
1035 1120 1190 1158 uidero.
1245 1120 1456 1169 Religatur
1498 1120 1646 1158 iterum

229 1190 398 1226 serpens
432 1181 477 1216 ut
508 1178 633 1226 prius.
678 1179 810 1224 Modo,
845 1178 977 1228 inquit
1007 1179 1157 1228 uulpis‚
1191 1191 1214 1216 o
1247 1192 1428 1228 serpens,
1463 1179 1496 1217 si
1528 1182 1645 1228 potes

229 1237 405 1275 euadere
433 1236 619 1276 discede!
661 1238 709 1275 Et
737 1240 791 1281 tu,
822 1250 844 1275 o
872 1238 1007 1283 homo,
1036 1238 1085 1276 de
1114 1238 1314 1276 soluendo
1343 1242 1531 1287 serpente
1559 1239 1643 1276 noli

227 1297 435 1335 laborare!
480 1297 626 1335 Nonne
655 1297 787 1346 legisti
818 1298 926 1347 quod
957 1297 1026 1346 qui
1056 1298 1279 1346 pendulum
1310 1298 1491 1344 soluerit,
1523 1310 1647 1346 super

155 1359 201 1392 20
228 1356 342 1394 illum
383 1356 503 1394 ruina
542 1356 645 1394 erit‘?

309 1415 419 1453 Dixit
449 1416 581 1454 Arabs
612 1416 779 1465 quidam
810 1416 894 1454 filio
925 1429 1021 1454 suo:
1052 1416 1095 1454 Si
1125 1419 1318 1466 grauatus
1348 1417 1475 1455 fueris
1507 1417 1648 1466 aliquo

226 1475 348 1513 modo
393 1477 431 1513 et
472 1475 594 1513 facile
636 1476 772 1524 possis
814 1476 992 1522 liberari,
1038 1488 1119 1513 non
1161 1479 1364 1524 expectes,
1409 1476 1505 1526 quia
1545 1477 1644 1514 dum

230 1533 467 1581 expectabis
498 1533 663 1570 liberari
693 1533 869 1575 facilius,
902 1534 1138 1582 grauaberis
1171 1534 1358 1582 amplius.
1415 1535 1459 1571 Et
1492 1547 1541 1571 ne
1571 1534 1643 1571 tibi

225 1594 434 1643 contingat
472 1595 581 1643 quod
619 1595 788 1643 contigit
826 1595 995 1643 gibboso
1032 1595 1081 1633 de
1119 1595 1411 1633 uersificatore.
1463 1596 1510 1632 Et
1546 1607 1641 1644 quo-

154 1660 198 1692 25
224 1653 359 1700 niodo,
397 1653 505 1691 silius
542 1654 705 1703 inquit?
754 1654 893 1691 Pater:

186 472 207 505 0·

263 497 557 547 Exemplum
573 497 628 536 V:
663 464 722 550 T

275 557 336 595 De
367 557 542 595 homine
575 558 621 595 et

332 617 550 665 serpente.

718 1731 857 1769 uidam
896 1732 1152 1770 uersificator
1185 1743 1331 1769 uersus
1366 1731 1522 1769 faciens
1559 1731 1641 1780 regi

740 1792 1007 1839 presentauit,
1043 1794 1082 1828 et
1112 1791 1299 1828 laudauit
1330 1803 1400 1828 rex
1432 1791 1640 1839 ingenium

652 1851 758 1887 illius
801 1850 1004 1899 iussitque
1042 1853 1087 1888 ut
1125 1863 1198 1899 pro
1236 1850 1345 1888 facto
1383 1850 1537 1887 donum
1577 1862 1642 1888 ex-

648 1912 846 1958 posceret.
900 1909 976 1958 Qui
1015 1910 1169 1947 donum
1207 1910 1288 1947 tale
1326 1910 1561 1957 expostulat
1597 1912 1644 1947 ut

151 1972 197 2005 30
224 1978 268 2004 Se
314 1967 531 2005 ianitorem
588 1980 662 2006 sue
707 1969 885 2006 ciuitatis
930 1981 1001 2016 per
1045 1981 1228 2007 inensem
1271 1970 1436 2014 faceret,
1495 1972 1534 2007 et
1587 1969 1638 2006 ab

224 2026 334 2063 omni
368 2027 538 2075 gibboso
568 2027 785 2066 denarium
816 2031 856 2066 et
885 2028 1076 2065 scabioso
1106 2028 1321 2066 denarium
1353 2032 1389 2066 et
1420 2028 1470 2066 de
1502 2040 1638 2065 mono—

223 2086 315 2123 culo
344 2086 561 2124 denarium
592 2089 630 2124 et
659 2087 708 2125 de
738 2087 1026 2136 impetiginoso
1054 2088 1269 2125 denarium
1299 2090 1338 2125 et
1367 2088 1417 2125 de
1445 2087 1643 2126 hernioso·

222 2144 391 2182 haberet
423 2146 649 2184 denarium.
696 2146 813 2195 Quod
845 2159 915 2184 rex
947 2147 1152 2185 concessit
1183 2150 1221 2184 et
1251 2147 1384 2195 sigillo
1417 2147 1637 2184 roborauit.

223 2203 301 2252 Qui
332 2204 561 2243 ministerio
593 2209 785 2254 suscepto
816 2210 930 2254 porte
961 2206 1116 2244 assedit
1145 2210 1184 2244 et
1213 2206 1486 2244 ministerium
1517 2218 1638 2244 suuni

149 2266 195 2300 35
222 2263 312 2311 egit.
370 2263 557 2311 Quadam
599 2265 665 2302 die
708 2265 903 2314 gibbosus
946 2265 1114 2314 quidam
1156 2266 1261 2303 bene
1302 2268 1500 2314 cappatus
1543 2277 1637 2302 cum

222 2321 372 2359 baculo
403 2326 566 2370 portam
596 2323 785 2362 intrauit.
831 2324 905 2362 Cui
936 2324 1200 2363 uersifieator
1230 2325 1381 2362 obuius
1411 2324 1631 2363 denarium

222 2381 412 2428 postulat.
449 2381 526 2430 Qui
547 2382 722 2430 denegat
751 2383 860 2421 dare.
894 2383 983 2420 Vim
1004 2384 1204 2421 inferente
1223 2383 1515 2428 uersificatore,
1537 2382 1634 2419 dum

220 2440 437 2488 capucium
480 2441 532 2478 de
575 2442 708 2489 capite
751 2443 874 2489 leuat,
919 2443 1134 2491 gibbosum
1176 2442 1446 2491 deprehendit
1497 2453 1635 2479 mono-

222 2499 365 2536 culum
387 2511 502 2537 esse:
526 2500 631 2537 duos
655 2513 750 2550 ergo
767 2501 964 2539 denarios
989 2501 1188 2550 postulat,
1215 2514 1238 2539 a
1262 2513 1343 2551 quo
1360 2500 1476 2550 prius
1503 2506 1632 2538 unum

147 2565 194 2597 40
222 2558 400 2606 expetiit.
451 2558 592 2596 Noluit
627 2559 736 2606 dare,
776 2562 957 2597 retentus
995 2563 1066 2598 est.
1115 2560 1207 2598 Non
1241 2560 1396 2597 habens
1434 2559 1636 2597 auxilium

238 1761 534 1810 Exemplum
550 1762 630 1800 VI:
649 1727 707 1823 Q

278 1820 338 1858 De
369 1820 590 1859 versifica-

222 1879 318 1917 tore
357 1880 403 1917 et
433 1880 627 1929 gibboso.
