1790 2857
155 714 198 746 10

155 1013 197 1046 15

152 1909 196 1942 30

796 82 845 85 --
907 59 1069 96 30-

225 177 305 214 duo
336 177 470 226 angeli
496 189 626 214 unum
656 189 706 214 ex
733 177 852 214 uobis
882 177 1139 225 accipiebant
1167 180 1207 215 et
1234 178 1473 226 aperiebant
1500 181 1638 226 portas

225 237 303 274 celi
331 237 618 285 ducebantque
648 240 742 274 ante
772 236 894 273 deum
904 251 913 283 3
943 236 1091 274 deinde
1119 237 1245 274 alium
1275 237 1532 286 accipiebant
1558 238 1639 276 duo

225 296 294 333 alii
334 296 467 345 angeli
506 299 545 333 et
582 300 724 344 aperta
760 299 867 334 terra
903 296 1110 333 ducebant
1144 296 1187 333 in
1223 296 1440 334 internum.
1489 297 1539 335 Et
1573 297 1638 335 his

223 356 327 393 uisis
364 355 508 404 putaui
545 355 752 393 neminem
787 358 973 393 uestrum
1009 356 1091 393 iam
1127 356 1303 404 amplius
1339 357 1564 395 rediturum
1601 360 1642 394 et

225 416 386 453 surrexi
423 418 461 452 et
496 427 647 463 panem
682 415 853 452 comedi.
889 437 940 440 ——
974 415 1026 452 Et
1058 418 1194 463 pater:
1233 415 1264 453 O
1299 415 1370 461 fili,
1407 416 1465 454 sic
1501 417 1642 454 euenit

226 475 283 512 eis
313 475 381 523 qui
409 475 567 512 socium
593 474 782 523 decipere
806 475 1039 520 uoluerunt,
1067 475 1164 524 quia
1190 487 1266 513 suo
1291 475 1454 524 ingenio
1479 475 1639 524 decepti

223 534 401 571 fuerunt.
459 534 570 571 Tunc
614 533 745 571 filius:
789 534 851 571 Ita
893 535 1031 572 euenit
1074 535 1146 580 eis,
1190 535 1298 572 sicut
1338 535 1381 572 in
1420 536 1639 583 prouerbio

224 594 378 631 dictum
414 597 495 631 est:
533 593 610 642 Qui
645 596 776 631 totum
807 594 952 640 uoluit,
987 596 1118 632 totum
1151 594 1338 642 perdidit.
1385 594 1468 632 Hec
1503 598 1639 632 autem

225 657 371 691 natura
401 656 463 691 est
490 653 618 699 canis,
647 654 713 690 cui
739 653 934 691 fauerunt
960 654 1039 690 illi:
1069 666 1243 703 quorum
1270 666 1378 691 unus
1406 654 1475 691 alii
1503 654 1641 700 cibum

225 713 385 750 auterre
430 713 552 761 cupit.
610 713 690 751 Sed
733 713 768 751 si
811 717 1001 751 naturam
1044 713 1191 751 cameli
1234 717 1515 762 sequerentur,
1569 714 1640 751 mi-

224 773 377 810 ciorem
410 775 599 810 naturam
630 772 900 810 imitarentur.
943 773 1048 810 Nam
1078 773 1171 810 talis
1204 777 1266 811 est
1296 777 1443 810 natura
1473 773 1638 811 cameli:

225 832 388 881 quando
421 832 589 869 insimul
620 832 740 869 datur
769 832 977 881 prebenda
1007 833 1159 878 multis,
1191 832 1300 882 quod
1330 833 1467 870 nullus
1499 844 1641 870 eorum

224 891 421 937 comedet,
461 891 592 929 donec
631 904 774 929 omnes
814 892 980 930 insimul
1018 892 1160 938 edant3
1200 896 1239 930 et
1275 892 1310 930 si
1346 904 1454 929 unus
1490 892 1548 930 ita
1584 892 1640 929 in-

223 951 408 988 firmatur
452 951 561 1000 quod
605 955 783 1000 nequeat
825 951 1051 997 comedere,
1093 951 1224 989 donec
1267 956 1529 989 remoueatur
1570 952 1640 989 alii

224 1011 478 1048 ieiunabunt.
526 1011 576 1048 Et
609 1011 676 1048 isti
711 1012 934 1059 burgenses
968 1015 1187 1061 postquam
1220 1011 1417 1049 uolebant
1450 1011 1640 1049 animalis

224 1074 414 1108 naturam
456 1071 536 1108 sibi
579 1083 803 1116 assumere,
846 1070 1056 1109 mitissimi
1098 1071 1288 1108 animalis
1330 1075 1521 1109 naturam
1561 1071 1643 1109 sibi

224 1130 464 1168 debuissent
504 1130 748 1176 uendicare3
793 1133 832 1168 et
873 1130 1019 1168 merito
1061 1130 1198 1168 cibum
1241 1131 1477 1168 amiserunt.
1533 1130 1641 1179 Quin

227 1188 359 1226 eciam
402 1188 479 1225 hoc
528 1188 587 1226 eis
635 1188 825 1225 euenisse
868 1188 1110 1234 noluissem,
1156 1188 1264 1237 quod
1308 1189 1503 1237 magistro
1546 1200 1639 1238 meo

225 1252 418 1287 narrante
462 1249 544 1286 iarn
588 1249 743 1287 dudum
789 1249 929 1286 audiui
974 1249 1164 1287 euenisse
1208 1250 1375 1288 incisori
1418 1249 1522 1298 regis
1566 1244 1640 1301 p'ro

223 1309 425 1358 discipulo
470 1321 545 1347 suo
588 1308 734 1355 Nedui,
777 1309 971 1346 uidelicet
1012 1309 1121 1358 quod
1162 1309 1342 1347 fustibus
1385 1310 1637 1347 cederentur.

222 1368 341 1406 Pater
364 1368 414 1406 ad
436 1369 532 1406 hec:
554 1368 625 1406 Dic
647 1369 784 1414 michi,
806 1368 877 1414 fili,
901 1368 998 1418 quid
1020 1368 1202 1406 audisti?
1237 1368 1450 1418 Quomodo
1472 1369 1642 1418 contigit

222 1428 445 1476 discipulo,
488 1428 688 1477 quoniam
730 1428 826 1465 talis
868 1428 1061 1466 narracio
1102 1428 1232 1466 animi
1273 1428 1352 1466 erit
1391 1429 1634 1466 recreacio‘?

223 1487 372 1525 Filius:

258 1576 410 1614 Exem
452 1576 467 1613 1
504 1577 606 1614 XX·
646 1543 870 1631 Narrauit
902 1547 1028 1584 michi
1060 1547 1254 1595 magister
1284 1559 1401 1585 meus
1433 1547 1639 1596 quendam

285 1636 319 1673 D
418 1588 487 1643 p...
522 1636 533 1663 Ἰ.
573 1607 606 1663 ·’
742 1619 876 1655 regem
914 1607 1111 1644 habuisse
1147 1619 1278 1644 unum
1314 1607 1533 1645 incisorem
1570 1607 1639 1656 qui

251 1694 259 1702 .
324 1647 351 1715 ᾗ
377 1647 491 1732 Γῗῗῌ
511 1648 598 1733 :nl
646 1666 834 1704 diuersOs
869 1666 1045 1704 diuersis
1079 1670 1196 1715 aptos
1227 1667 1481 1714 temporibus
1515 1666 1551 1704 ei
1582 1667 1639 1704 in-

223 1706 389 1792 Cllssmdls.
440 1707 580 1762 ISOEPU
602 1707 625 1733 Ο
647 1725 808 1763 cidebat
836 1738 1008 1774 pannos.
1049 1726 1102 1764 At
1129 1726 1196 1764 ille
1223 1726 1448 1773 discip-ulos
1476 1730 1638 1764 sutores

295 1766 317 1791 e
347 1766 392 1792 m
423 1766 610 1792 nomme*
647 1783 836 1829 habebat,
858 1795 1032 1832 quorum
1053 1784 1239 1833 quisquis
1255 1783 1477 1822 artificiose
1492 1784 1640 1822 suebat

223 1843 331 1892 quod
376 1843 570 1892 magister
614 1844 769 1882 incisor
824 1845 929 1893 regis
974 1844 1194 1882 artificiose
1239 1845 1463 1883 scindebat.
1531 1845 1640 1883 Inter

223 1914 326 1951 quos
362 1902 588 1951 discipulos
625 1915 733 1941 unus
772 1907 858 1941 erat
892 1904 1058 1942 nomine
1093 1904 1238 1950 Nedui,
1275 1905 1345 1953 qui
1382 1905 1516 1942 socios
1553 1908 1640 1943 arte

223 1962 379 1999 sutoria
415 1963 648 2011 superabat.
698 1963 777 2001 Sed
812 1963 878 2001 die
910 1963 1017 2001 festo
1051 1964 1244 2001 ueniente
1278 1976 1350 2002 rex
1384 1976 1554 2002 suorum
1588 1965 1639 2002 ad

223 2033 267 2058 se
304 2022 525 2060 incisorem
560 2034 791 2071 pannorum
826 2023 995 2060 uocauit
1029 2026 1069 2061 et
1102 2035 1175 2071 pro
1211 2027 1393 2072 tempore
1428 2024 1638 2072 preciosas

224 2083 363 2117 uestes
398 2080 478 2117 sibi
515 2083 555 2117 et
587 2080 674 2118 suis
709 2080 984 2118 familiaribus
1020 2081 1156 2129 parari
1190 2081 1382 2130 precepit.
1444 2081 1560 2130 Quod
1594 2085 1640 2119 ut

223 2140 349 2178 cicius
383 2143 421 2178 et
450 2141 539 2179 sine
568 2141 862 2190 impedimento
891 2141 1019 2188 fieret,
1048 2153 1177 2180 unum
1205 2142 1256 2180 de
1285 2143 1521 2181 camerariis
1551 2143 1638 2181 suis

224 2200 470 2246 eunuchum,
513 2201 630 2239 cuius
671 2201 773 2238 illud
814 2204 901 2239 erat
940 2201 1134 2248 officium,
1177 2202 1385 2240 sutoribus
1424 2202 1638 2240 custodem

223 2258 379 2296 addidit
418 2263 457 2297 et
493 2264 538 2298 ut
576 2273 718 2298 eorum
754 2273 903 2299 curuos
941 2273 1099 2310 ungues
1138 2262 1378 2299 obseruaret
1414 2265 1454 2299 et
1490 2261 1548 2298 eis
1586 2261 1635 2298 ad

226 2316 525 2355 sufficienciam
558 2318 797 2356 necessaria
830 2318 1094 2365 ministraret,
1132 2319 1302 2368 rogauit.
1363 2319 1443 2357 Sed
1478 2319 1519 2356 in
1553 2330 1638 2356 una

221 2377 381 2415 dierum
417 2378 594 2416 ministri
629 2379 811 2417 calidum
843 2392 993 2428 panem
1029 2383 1069 2418 et
1100 2381 1181 2419 mel
1215 2392 1309 2419 curn
1344 2380 1436 2418 aliis
1468 2379 1635 2417 ferculis

222 2437 390 2475 incisori
418 2440 456 2475 et
481 2439 685 2476 consociis
712 2439 1009 2478 comedendum
1033 2439 1244 2478 dederunt.
1283 2440 1332 2477 Et
1357 2439 1426 2489 qui
1453 2439 1634 2484 aderant,

151 2498 198 2531 40
223 2496 441 2534 comedere
467 2501 682 2546 ceperunt.
711 2498 872 2547 Quibus
899 2498 1172 2548 epulantibus
1199 2499 1258 2536 ait
1284 2498 1525 2536 eunuchus:
1550 2498 1632 2535 Ma-

223 2555 358 2604 gister,
388 2567 514 2605 quare
539 2555 672 2594 Nedui
699 2557 870 2595 absente
896 2557 1109 2596 comeditis
1137 2569 1212 2596 nec
1238 2558 1354 2595 illum
1380 2557 1636 2606 expectatis?
