1790 2857
131 183 328 234 Magister
352 182 511 232 inquit:
537 183 645 232 Quia
669 182 751 220 mel
775 194 858 219 non
883 182 1133 227 comederet,
1159 181 1335 219 eciamsi
1360 182 1541 219 adesset.

129 247 177 283 Et
198 245 475 284 comederunt.
510 245 665 283 Deinde
685 245 800 282 uenit
820 244 951 282 Nedui
974 247 1012 282 01
1033 244 1109 281 ait:
1134 243 1268 292 Quare
1289 255 1354 281 me
1376 243 1545 282 absente

129 307 365 345 comedistis
423 318 498 344 nec
542 309 700 355 partein
755 318 891 343 meam
944 305 1071 343 michi
1127 305 1402 343 reseruastis‘?
1471 304 1544 342 Cui

130 368 364 406 eunuchus:
404 367 597 417 Magister
634 370 729 405 tuus
767 367 872 404 dixit
909 367 1018 416 quod
1056 367 1136 404 mel
1174 379 1256 404 non
1293 366 1543 412 comederes,

129 429 297 468 eciamsi
333 429 513 468 adesses.
560 430 612 467 At
643 429 711 467 ille
743 429 872 466 tacuit
904 432 944 466 et
976 428 1182 478 quomodo
1215 428 1316 465 illud
1348 428 1544 477 magistro

128 503 204 529 suo
237 503 551 539 recompensare
583 492 734 539 posset,
768 490 975 538 cogitauit.
1020 490 1069 527 Et
1099 490 1177 528 hoc
1208 490 1317 527 facto
1349 489 1545 538 magistro

128 552 299 590 absente
344 554 502 590 secreto
546 552 650 589 dixit
694 551 904 589 eunucho:
949 551 1134 597 Domine,
1179 551 1374 600 magister
1427 563 1544 588 meus

131 611 379 661 quandoque
417 611 614 649 frenesim
655 611 822 659 paciens
863 622 1033 649 sensum
1074 610 1207 659 perdit
1247 613 1286 648 et
1324 610 1545 648 indiscrete

127 674 442 712 circumstantes
478 674 670 712 uerberat
704 676 828 723 atque
862 673 1070 711 interimit.
1120 672 1193 711 Cui
1230 673 1465 711 eunuchus:
1502 673 1544 711 Si

128 735 276 773 scirem
307 735 463 781 horam,
495 735 659 784 quando
690 735 726 772 ei
756 735 833 772 hoc
862 735 1072 783 contingit,
1104 747 1154 772 ne
1185 734 1282 783 quid
1312 735 1544 772 inconsulte

127 798 276 845 ageret,
319 796 488 844 ligarem
529 798 569 834 et
608 796 705 834 loris
747 796 1004 844 corrigerem.
1059 796 1111 833 At
1150 796 1281 833 Nedui
1323 795 1400 833 ait:
1442 794 1545 832 Cum

127 857 280 895 uideris
316 857 432 895 illum
466 858 545 894 huc
580 859 618 895 et
650 857 747 894 illuc
782 857 1051 906 aspicientem
1086 861 1318 906 terramque
1351 857 1543 894 manibus

126 918 413 956 uerberantem
447 921 570 967 atque
602 930 678 956 sua
710 918 806 956 sede
838 922 1073 967 surgentem
1105 920 1145 955 et
1174 930 1389 955 scamnum
1423 930 1545 966 super

127 979 235 1028 quod
275 979 389 1017 sedet
426 980 618 1017 manibus
658 980 898 1028 rapientem,
938 983 1033 1017 tunc
1073 992 1166 1017 eum
1204 980 1312 1017 scias
1351 979 1543 1017 insanum

128 1052 232 1086 esse,
273 1043 312 1078 et
349 1040 429 1078 nisi
466 1040 541 1078 tibi
579 1044 619 1078 et
657 1040 736 1078 tuis
774 1040 1018 1089 prouidens,
1058 1040 1191 1088 capud
1228 1041 1338 1078 fuste
1374 1040 1542 1078 dolabit.
1595 1055 1604 1072 τ

128 1101 189 1137 Ad
205 1102 282 1139 hec
298 1101 539 1139 eunuchus:
562 1101 621 1139 Tu
638 1101 917 1142 benedicaris,
944 1101 1043 1151 quia
1060 1102 1211 1139 amodo
1228 1101 1356 1139 michi
1381 1104 1422 1140 et
1436 1102 1542 1139 meis

126 1162 363 1210 prouidebo.
412 1162 578 1199 Talibus
615 1162 734 1200 dictis
770 1162 901 1200 Nedui
937 1162 1126 1212 sequenti
1160 1162 1226 1200 die
1260 1162 1444 1211 magistri
1481 1162 1544 1201 sui

128 1225 290 1260 secreto
324 1222 491 1261 forfices
526 1222 760 1261 abscondit.
808 1223 860 1260 At
893 1223 1050 1261 incisor
1083 1236 1266 1272 querens
1301 1224 1468 1262 forfices
1505 1226 1545 1261 et

126 1295 209 1320 non
247 1283 462 1321 inueniens
501 1283 609 1332 cepit
644 1283 837 1321 manibus
872 1287 1026 1321 terram
1063 1287 1276 1332 percutere
1313 1288 1352 1321 et
1388 1284 1467 1321 huc
1506 1287 1545 1321 et

120 1341 225 1379 >illuc
254 1342 438 1390 aspicere
467 1354 625 1391 suaque
652 1343 749 1380 sede
778 1355 943 1392 surgere
972 1346 1012 1381 et
1039 1355 1254 1381 scamnum
1283 1356 1407 1392 super
1435 1343 1544 1392 quod

126 1405 296 1442 sedebat
323 1417 449 1442 manu
476 1405 707 1444 demouere.
747 1406 832 1443 Hoc
858 1406 1007 1444 uidens
1036 1407 1248 1444 eunuchus
1278 1406 1418 1444 statim
1446 1417 1543 1444 suos

123 1466 292 1503 uocauit
326 1466 496 1504 clientes
533 1469 573 1504 et
604 1467 787 1515 precepit
819 1467 1040 1505 incisorem
1073 1467 1189 1516 ligari
1225 1471 1262 1505 et
1297 1480 1347 1505 ne
1381 1467 1542 1516 aliquos

126 1525 375 1571 uerberaret,
406 1526 583 1575 grauiter
610 1527 831 1564 uerberari.
880 1527 960 1565 Sed
989 1527 1142 1564 incisor
1171 1527 1375 1565 clamabat
1403 1527 1460 1564 ita
1487 1527 1543 1564 di-

124 1588 275 1626 cendo:
308 1588 413 1638 Quid
441 1589 654 1627 forisfeci‘?
694 1590 744 1627 Vt
772 1590 869 1639 quid
896 1590 1050 1629 talibus
1078 1603 1144 1628 me
1174 1590 1338 1628 afficitis
1367 1590 1542 1628 uerberi-

123 1649 230 1687 bus‘?
281 1649 334 1687 At
371 1650 429 1687 illi
469 1650 605 1689 acrius
641 1651 900 1689 uerberando
936 1652 1141 1689 tacebant.
1193 1651 1366 1700 Quando
1405 1654 1543 1689 autem
1571 1664 1603 1687 v:

122 1710 225 1749 lassi
260 1711 429 1749 fuerunt
464 1712 722 1750 uerberando
761 1715 800 1750 et
835 1713 924 1761 ipse
959 1713 1209 1761 uapulando,
1249 1725 1421 1750 exosum
1457 1713 1543 1750 uite

124 1772 348 1810 soluerunt.
389 1772 468 1821 Qui
492 1773 714 1822 respirans,
740 1774 812 1812 sed
836 1775 957 1823 longo
980 1775 1178 1823 temporis
1205 1775 1423 1812 interuallo
1450 1787 1542 1824 que-

124 1833 221 1871 siuit
257 1835 307 1872 ab
345 1835 547 1881 eunucho,
585 1836 683 1885 quid
716 1836 999 1874 forisfecisset.
1050 1835 1122 1874 Cui
1159 1837 1395 1874 eunuchus:
1432 1836 1543 1873 Dixit

123 1894 248 1932 michi
277 1894 410 1933 Nedui
438 1896 666 1945 discipulus
694 1899 789 1935 tuus
819 1897 928 1947 quod
957 1897 1205 1946 quandoque
1234 1897 1438 1934 insanires
1467 1909 1541 1934 nec

125 1954 205 1992 nisi
241 1954 420 1994 uinculis
459 1958 498 1994 et
532 1956 775 1995 uerberibus
812 1960 1024 2006 correptus
1061 1970 1261 2003 cessares,
1300 1960 1339 1995 et
1375 1957 1467 1995 ideo
1504 1960 1542 1995 te

123 2015 249 2063 ligaui
287 2018 326 2053 et
358 2014 590 2055 uerberaui.
639 2018 724 2056 Hoc
761 2018 901 2056 audito
937 2019 1090 2057 incisor
1124 2018 1257 2056 Nedui
1292 2018 1542 2067 discipulum

124 2087 246 2113 suum
281 2077 450 2115 uocauit
487 2080 526 2116 01
561 2079 638 2116 ait:
674 2079 829 2125 Amice,
867 2079 1032 2129 quando
1067 2079 1223 2117 nouisti
1258 2092 1323 2117 me
1360 2092 1451 2117 esse
1486 2079 1541 2117 in-

125 2140 302 2174 sanum?
343 2137 405 2175 Ad
432 2138 508 2176 hec
536 2139 785 2188 discipulus:
815 2140 989 2189 Quando
1016 2153 1081 2178 1110
1108 2141 1188 2178 mel
1218 2152 1300 2178 non
1328 2141 1542 2179 comedere

125 2196 314 2235 sciuisti?
355 2197 578 2236 Eunuchus
609 2202 648 2237 et
675 2200 744 2237 alii
771 2201 849 2238 hoc
877 2201 1090 2238 audientes
1120 2201 1299 2239 riserunt
1326 2206 1365 2239 01
1390 2206 1541 2240 utrum·

125 2270 204 2307 que
230 2258 376 2296 merito
401 2271 529 2307 penas
556 2260 791 2308 suscepisse
816 2261 1115 2299 iudicauerunt.
1141 2285 1191 2288 —
1216 2262 1278 2300 Ad
1304 2263 1379 2301 hec
1404 2266 1540 2312 pater:

123 2319 268 2357 Merito
311 2319 389 2357 hoc
432 2319 492 2357 illi
536 2321 696 2367 accidit,
741 2321 837 2370 quia
880 2322 915 2360 si
956 2322 1183 2361 custodiret
1226 2324 1334 2373 quod
1375 2324 1539 2373 Moyses

123 2380 317 2429 precepit,
358 2382 405 2418 ut
444 2381 631 2430 diligeret
669 2382 838 2421 fratrem
879 2395 1000 2421 suum
1042 2384 1149 2423 sicut
1188 2398 1233 2423 se
1273 2386 1421 2435 ipsum,
1462 2387 1540 2424 hoc

124 2440 162 2478 ei
196 2453 279 2479 non
314 2441 532 2480 euenisset.

206 2499 433 2551 Castigauit
471 2503 636 2551 sapiens
674 2504 805 2542 filium
842 2517 984 2543 suum:
1021 2506 1122 2544 Vide
1157 2520 1210 2545 ne
1245 2508 1434 2556 imponas
1472 2508 1539 2545 ali-

1597 427 1618 460 01

1576 739 1618 771 10

1571 1350 1616 1383 020

1571 1659 1590 1691 lx)

1596 1659 1615 1692 gd(

1569 1960 1589 1993 3
1593 1961 1615 1992 0

1569 2266 1613 2299 35

124 2562 232 2611 quod
257 2563 414 2602 crimen
436 2564 551 2602 socio
573 2568 657 2612 tuo,
683 2566 790 2604 serio
814 2566 903 2604 siue
927 2566 1037 2614 ludo,
1063 2580 1114 2606 ne
1138 2567 1196 2605 ita
1220 2568 1293 2606 tibi
1318 2568 1537 2617 contingat,
1565 2570 1611 2603 40
