1790 2857
165 399 189 432 Οἳ

143 694 189 726 10

145 1891 192 1924 30

786 38 1058 73 -42—

213 156 363 191 uocato
404 153 604 202 murilego
644 155 864 203 temptauit
904 167 958 192 an
996 155 1154 193 calidus
1196 159 1307 195 esset
1345 168 1397 194 an
1437 168 1531 195 non.
1583 157 1634 195 Et

214 224 308 251 cum
333 213 564 251 inuenisset
588 225 682 251 eum
705 213 910 263 frigidum,
936 214 1014 252 ait:
1039 215 1224 261 Domine,
1250 228 1343 254 non.
1368 238 1419 242 —
1443 216 1631 255 quenis:

213 272 432 322 Pigriciam
476 273 638 319 audiui;
682 273 805 311 modo
849 274 1129 322 garrulitatem
1172 275 1259 313 eius
1302 275 1444 314 audire
1497 276 1631 325 cupio.

215 331 373 370 Senex:
411 332 573 370 Dictum
606 332 687 370 fuit
721 333 831 382 quod
864 333 1057 371 dominus
1093 346 1194 372 suus
1228 335 1424 373 ueniebat
1457 335 1508 373 de
1541 335 1633 373 foro

214 392 320 430 letus
361 404 435 440 pro
474 392 602 438 lucro,
644 392 742 441 quia
780 393 956 430 multum
995 393 1178 432 lucratus
1217 394 1363 432 fuerat.
1416 395 1465 432 Et
1503 395 1634 433 exiuit

214 463 361 489 seruus
394 451 658 489 Maimundus
692 454 834 490 contra
864 452 1080 491 dominum
1110 465 1243 491 suum.
1289 453 1421 503 Quem
1450 466 1544 492 cum
1575 455 1632 492 ui-

213 510 329 548 deret
369 511 575 557 dominus,
616 511 756 549 timuit
796 524 848 549 ne
888 512 1050 562 aliquos
1091 524 1277 551 rumores
1316 515 1363 551 ut
1400 526 1490 551 mos
1531 526 1632 553 suus

216 573 304 608 erat
333 570 488 608 diceret
518 575 558 608 et
587 571 710 608 dixit:
743 571 853 610 Caue
883 584 934 609 ne
963 572 1077 610 dicas
1108 572 1233 610 michi
1263 584 1448 611 rumores
1477 574 1630 611 malos!

218 627 394 666 Seruus:
418 628 510 666 Non
530 628 667 666 dicam
689 641 874 667 rumores
896 630 1042 675 malos,
1067 630 1139 668 sed
1161 630 1275 668 canis
1296 634 1439 668 nostra
1459 632 1634 679 paruula

214 689 395 738 Bispella
429 692 592 728 mortua
625 693 698 728 est.
745 690 820 729 Cui
852 691 1066 729 dominus:
1101 691 1315 740 Quomodo
1346 695 1509 730 mortua
1542 696 1633 730 est?

218 747 394 785 Seruus:
424 748 559 785 Mulus
591 751 731 786 noster
760 749 978 787 exterritus
1007 749 1087 786 fuit
1116 752 1156 787 et
1181 750 1293 798 rupit
1321 761 1483 788 camum
1513 762 1635 788 suum

217 811 255 846 et
292 808 390 846 dum
426 809 598 858 fugeret,
637 809 713 847 sub
749 809 924 858 pedibus
961 810 1048 848 suis
1086 822 1233 848 canem
1270 810 1499 848 suffocauit.
1560 811 1634 849 Do-

216 867 375 906 minus:
422 868 528 917 Quid
571 872 710 906 actum
750 869 831 907 fuit
869 869 921 907 de
962 870 1105 908 mulo?
1160 870 1336 908 Seruus:
1379 870 1425 907 In
1465 873 1635 919 puteum

220 926 367 964 cecidit
414 930 454 964 et
498 930 686 964 mortuus
736 930 808 964 est.
880 927 1101 965 Dominus:
1152 927 1366 977 Quomodo
1415 928 1635 967 exterritus

216 987 293 1025 fuit
321 988 489 1025 mulus?
529 987 706 1026 Seruus:
734 988 862 1026 Filius
888 992 984 1026 tuus
1011 989 1062 1027 de
1089 989 1241 1028 solario
1269 989 1418 1027 cecidit
1443 989 1499 1027 ita
1527 989 1636 1039 quod

217 1050 403 1085 mortuus
437 1051 510 1093 est,
542 1051 582 1085 et
609 1048 704 1086 inde
735 1048 952 1086 exterritus
981 1049 1059 1086 fuit
1087 1049 1235 1086 mulus.
1278 1049 1499 1087 Dominus:
1530 1049 1638 1098 Quid

218 1107 300 1155 agit
334 1107 510 1156 genitrix
544 1107 662 1145 eius?
708 1107 884 1146 Seruus:
918 1108 993 1146 Pre
1024 1108 1152 1146 nimio
1184 1109 1325 1146 dolore
1357 1108 1442 1146 nati
1474 1112 1637 1147 mortua

219 1169 290 1204 est.
330 1167 551 1205 Dominus:
578 1167 679 1216 Quis
704 1167 884 1205 custodit
908 1167 1105 1205 domum?
1142 1167 1317 1206 Seruus:
1356 1168 1514 1214 Nullus,
1541 1179 1636 1218 quo-

218 1226 330 1263 niam
360 1226 402 1263 in
430 1226 611 1264 cinerem
638 1227 812 1265 uertitur
840 1232 880 1265 et
906 1227 1101 1276 quicquid
1129 1227 1171 1264 in
1200 1240 1248 1265 ea
1276 1231 1372 1265 erat.
1414 1228 1635 1265 Dominus:

218 1285 432 1334 Quomodo
472 1286 690 1324 combusta
726 1286 834 1324 fuit?
886 1286 1063 1325 Seruus:
1101 1287 1256 1325 Eadem
1294 1291 1413 1325 nocte
1451 1299 1532 1337 qua
1569 1287 1636 1325 do-

216 1345 330 1383 mina
370 1348 532 1383 mortua
570 1346 660 1392 fuit,
700 1346 952 1396 pedissequa
990 1358 1070 1396 que
1106 1347 1307 1396 uigilabat
1343 1358 1416 1395 pro
1453 1347 1634 1393 domina,

218 1405 344 1443 oblita
371 1405 450 1442 fuit
476 1405 692 1443 candelam
718 1406 761 1443 in
788 1406 981 1452 thalamo,
1010 1409 1050 1444 et
1074 1406 1132 1444 ita
1159 1406 1375 1444 combusta
1401 1409 1464 1445 est
1488 1406 1635 1444 domus

219 1466 314 1500 tota.
367 1463 588 1501 Dominus:
618 1463 873 1513 Pedissequa
898 1464 969 1502 ubi
999 1467 1090 1502 est‘?
1143 1464 1318 1502 Seruus:
1348 1465 1442 1513 Ipsa
1468 1464 1636 1503 uolebat

217 1524 352 1573 ignem
377 1525 627 1573 extinguere,
651 1528 691 1563 et
711 1525 859 1563 cecidit
880 1526 991 1563 trabs
1014 1537 1138 1574 super
1159 1528 1282 1574 caput
1304 1525 1392 1563 eius
1416 1528 1455 1563 et
1474 1527 1637 1563 mortua

219 1588 290 1621 est.
342 1584 563 1622 Dominus:
600 1585 660 1622 Tu
697 1585 904 1634 quomodo
941 1585 1114 1623 euasisti
1149 1597 1245 1623 cum
1280 1589 1363 1623 tam
1398 1585 1512 1634 piger
1547 1585 1635 1623 sis?

217 1643 394 1681 Seruus:
435 1643 537 1683 Cum
574 1644 760 1682 uiderem
797 1644 1092 1694 pedissequam
1126 1645 1375 1690 defunctam,
1415 1644 1547 1693 effugi.
1584 1666 1634 1670 ——

216 1703 328 1740 Tunc
371 1703 564 1741 dominus
608 1704 876 1742 contristatus
919 1704 1044 1742 ualde
1085 1704 1135 1742 ad
1177 1704 1338 1742 uicinos
1381 1715 1478 1742 suos
1520 1703 1637 1742 uenit

219 1774 342 1800 orans
378 1775 448 1801 eos
480 1765 525 1800 ut
556 1763 807 1812 reciperetur
838 1764 880 1801 in
912 1763 1087 1801 alicuius
1120 1763 1242 1801 domo
1275 1766 1316 1801 et
1345 1763 1635 1811 hospitaretur.

218 1822 380 1859 Interea
413 1822 600 1860 obuiauit
630 1823 794 1860 cuidam
825 1823 958 1861 amico
989 1835 1076 1861 suo.
1121 1823 1199 1872 Qui
1229 1835 1325 1860 cum
1354 1822 1514 1860 uideret
1543 1834 1637 1860 eum

224 1879 381 1917 tristem
421 1880 690 1929 interrogauit
731 1892 858 1929 quare
899 1881 956 1918 ita
998 1880 1240 1918 tristaretur.
1305 1881 1398 1929 Ipse
1437 1892 1537 1918 uero
1579 1892 1636 1919 re-

217 1941 310 1978 tulit
355 1941 391 1979 ei
437 1941 577 1979 omnia
621 1954 701 1991 que
742 1941 905 1979 dixerat
947 1942 1026 1980 sibi
1070 1954 1228 1980 seruus.
1285 1941 1453 1979 Amicus
1497 1944 1636 1979 autem

218 2000 404 2038 desolato
435 2001 574 2039 retulit
599 2012 747 2039 uersus
777 2001 922 2048 amico,
951 2004 998 2039 ut
1023 2001 1307 2039 consolaretur
1335 2013 1442 2046 eum,
1471 2001 1634 2039 dicens:

218 2060 372 2106 Amice,
404 2061 489 2098 noli
518 2060 710 2107 desolari,
741 2061 838 2110 quia
866 2061 1112 2099 multociens
1140 2061 1340 2110 contingit
1366 2060 1523 2099 homini
1553 2064 1636 2098 tam

219 2131 364 2168 graues
398 2120 697 2158 aduersitatum
728 2120 1027 2159 inundaciones
1058 2121 1263 2159 sustinere
1293 2120 1403 2170 quod
1432 2119 1638 2158 desideret

220 2190 290 2216 eas
332 2179 462 2217 eciam
502 2180 722 2218 inhonesta
761 2183 892 2218 morte
929 2180 1068 2226 finire3
1109 2183 1149 2218 et
1185 2180 1326 2218 statim
1365 2179 1561 2218 eueniunt
1599 2179 1635 2217 ei

218 2241 334 2276 tanta
379 2239 596 2277 commoda
640 2239 749 2289 quod
793 2252 962 2289 prorsus
1005 2240 1126 2278 dulce
1169 2240 1224 2278 sit
1267 2239 1304 2277 ei
1347 2239 1636 2288 preteritarum

220 2297 429 2335 reminisci
469 2299 780 2337 aduersitatum.
833 2299 914 2337 Sed
952 2300 1028 2337 hec
1065 2300 1340 2337 humanarum
1378 2310 1515 2336 rerum
1551 2301 1635 2335 tam

221 2355 429 2395 immensa
452 2357 680 2396 fluctuacio
705 2358 900 2396 uariante
926 2359 1173 2397 meritorum
1198 2357 1345 2396 ordine
1370 2357 1525 2396 summi
1550 2368 1632 2396 rec-

315 2483 337 2516 8
368 2485 635 2527 Auymsprunq
666 2485 786 2518 himer
819 2485 945 2519 malos.
986 2503 1026 2509 —
1071 2485 1114 2518 10
1146 2484 1305 2528 pispella.
1334 2502 1377 2507 —-
1407 2484 1450 2517 15
1476 2483 1520 2517 de
1545 2483 1635 2517 solio

222 2536 359 2571 cecidit.
