1846 2857
200 416 222 450 Q!

178 714 221 747 10

171 1904 217 1937 30

170 2199 215 2233 35

834 57 1083 94 —g—

249 177 403 226 Accipe
445 180 607 226 partem
650 176 865 225 sapiencie
907 179 947 214 et
988 176 1041 213 da
1082 175 1209 213 michi
1252 178 1413 225 partem
1458 176 1658 225 pecunie!

248 236 310 274 Ne
350 236 528 285 paciaris
569 248 634 273 me
675 235 744 273 illo
784 235 965 284 indigere
1003 235 1122 273 cuius
1159 235 1386 283 dampnum
1426 235 1500 273 erit
1537 234 1664 273 michi

247 296 405 345 pudori.
438 318 488 321 —
516 295 628 332 Dixit
655 294 823 344 quidam
851 294 1145 343 philosophus:
1173 294 1318 332 Tribus
1347 294 1479 332 modis
1509 294 1666 343 indiget

247 367 355 393 unus
393 355 495 392 alio:
533 355 777 404 cuicumque
813 355 918 392 bene
952 353 1112 399 feceris,
1149 353 1192 390 in
1227 365 1275 391 eo
1310 353 1441 392 maior
1476 366 1523 391 eo
1560 354 1661 400 cris;

248 427 330 464 quo
368 426 450 452 non
486 413 724 463 indigueris,
761 426 835 462 par
868 413 999 461 ipsius
1037 413 1137 459 eris3
1174 424 1255 462 quo
1289 425 1389 450 uero
1424 413 1662 462 indigueris,

247 474 382 512 minor
408 486 455 511 eo
479 474 570 512 eris.
594 496 643 499 —
665 473 803 511 Alius:
828 473 1000 511 Claritas
1024 473 1161 510 anime
1184 472 1394 521 sapiencia
1416 476 1489 519 est,
1513 485 1664 510 census

246 546 347 571 uero
394 533 559 571 claritas
605 533 788 581 corporis
834 535 906 570 est.
951 555 1001 558 —
1044 532 1182 570 Alius:
1227 531 1447 591 Sapiencia
1490 544 1663 581 corpora

247 596 409 631 mortua
453 592 640 630 claritate
679 604 757 630 sua
795 591 994 638 uiufficat,
1034 592 1150 629 uelut
1188 594 1297 629 terra
1336 591 1451 628 arida
1490 591 1662 629 humidi-

246 655 331 691 tate
363 652 505 701 pluuie
537 651 718 689 uirescit.
751 673 801 677 —
833 651 1067 699 Discipulus
1099 650 1315 700 magistro:
1349 650 1563 699 Quomodo
1595 651 1663 688 ha—

671 711 805 748 bendo
837 723 903 748 me
932 711 1038 748 inter
1066 710 1274 759 sapientes
1303 710 1528 757 discipulos
1557 722 1662 748 com-

672 771 872 819 putabor?
904 769 1117 819 Magister:
1137 770 1267 808 Serua
1285 770 1514 815 silent-ium,
1530 770 1660 807 donec

245 829 298 867 sit
337 829 413 867 tibi
452 830 564 879 loqui
604 829 897 867 necessarium.
949 829 1017 867 Ait
1055 829 1164 867 enim
1200 829 1494 878 philosophus:
1535 829 1661 866 Silen-

245 889 355 926 cium
394 891 455 926 est
490 889 653 937 signum
688 889 898 938 sapiencie
934 891 974 927 et
1006 889 1237 938 loquacitas
1273 892 1336 926 est
1370 888 1531 936 signum
1566 888 1662 925 stul-

244 948 350 986 ticie.
392 971 441 974 —
478 948 616 986 Alius:
654 948 714 986 Ne
748 948 921 986 festines
959 949 1206 996 respondere
1240 947 1371 985 donec
1409 947 1533 985 fuerit
1566 947 1663 985 finis

245 1008 596 1057 interrogacionis,
629 1020 703 1046 nec
731 1008 990 1057 questionem
1018 1008 1059 1044 in
1087 1011 1294 1045 conuentu
1320 1007 1472 1045 factam
1500 1007 1664 1045 soluere

243 1070 431 1116 temptes,
478 1079 572 1105 cum
614 1067 916 1115 sapienciorem
958 1070 996 1104 te
1038 1067 1093 1104 ibi
1137 1079 1228 1104 esse
1266 1066 1542 1119 prospexeris,
1585 1077 1661 1104 nec

244 1127 450 1176 questioni
477 1127 547 1164 alii
571 1127 764 1176 cuiquam
786 1127 894 1164 facte
917 1126 1182 1175 respondeas,
1205 1138 1279 1164 nec
1302 1126 1466 1164 laudem
1491 1128 1662 1174 appetas

243 1198 317 1234 pro
356 1198 398 1223 re
433 1186 506 1223 tibi
544 1186 761 1235 incognita.
810 1186 1085 1234 Philosophus
1122 1186 1230 1223 enim
1262 1185 1382 1223 dicit:
1420 1185 1498 1234 Qui
1532 1185 1582 1222 de
1618 1197 1661 1222 re

244 1246 321 1283 sibi
371 1239 509 1294 ignota
565 1245 729 1283 laudem
786 1245 954 1294 appetit,
1010 1245 1126 1282 illum
1169 1245 1410 1283 mendacem
1466 1245 1662 1293 probacio

245 1305 387 1343 reddit.
422 1327 472 1330 —
505 1305 642 1342 Alius:
676 1305 908 1354 Adquiesce
938 1304 1101 1343 ueritati
1133 1305 1223 1343 siue
1257 1316 1281 1341 a
1312 1307 1350 1342 te
1382 1304 1538 1352 prolate
1571 1304 1661 1342 siue

242 1364 315 1402 tibi
354 1364 528 1403 *obiecte
567 1387 617 1390 —
653 1365 792 1402 Alius:
830 1364 889 1402 Ne
927 1364 1111 1413 glorieris
1148 1364 1191 1401 in
1227 1363 1484 1412 sapientibus
1520 1362 1660 1401 uerbis

245 1424 337 1469 tuis,
378 1424 476 1473 quia
512 1426 633 1472 prout
669 1424 941 1473 philosophus
978 1427 1172 1462 testatur:
1212 1423 1281 1472 qui
1317 1423 1360 1460 in
1397 1423 1482 1460 suis
1519 1422 1661 1461 uerbis

243 1484 500 1532 sapientibus
544 1480 758 1532 ‘gloriatum
805 1484 954 1521 stultus
1001 1496 1093 1521 esse
1137 1483 1437 1531 comprobatur.
1483 1504 1532 1508 -
1576 1482 1659 1520 Hec

244 1543 382 1580 omnia
424 1543 583 1581 faciens
628 1543 991 1581 connumeraberis
1035 1543 1141 1580 inter
1180 1543 1406 1591 discipulos
1451 1541 1661 1590 sapiencie

243 1605 366 1651 atque
402 1602 638 1651 prudencie.
676 1624 726 1628 ——
763 1602 1039 1650 Philosophus
1074 1602 1194 1639 dicit:
1233 1601 1311 1650 Qui
1346 1601 1567 1650 prudenter
1603 1600 1658 1637 in-

243 1662 404 1711 quirere
438 1662 617 1699 uoluerit
651 1662 907 1700 solucionem
940 1661 1161 1710 prudenter
1194 1661 1402 1709 intelliget.
1437 1682 1486 1686 ——
1519 1660 1657 1698 Alius:

243 1721 500 1770 Quicumque
529 1721 737 1759 erubuerit
763 1721 1017 1770 sapienciam
1044 1721 1094 1758 ab
1121 1720 1213 1758 aliis
1239 1720 1500 1768 inuestigare,
1528 1719 1660 1767 magis

243 1781 456 1818 erubescet
488 1780 661 1819 eandem
692 1793 715 1818 a
742 1780 964 1829 semetipso
993 1780 1157 1829 inquiri.
1188 1801 1237 1805 -—
1266 1779 1403 1816 Alius:
1436 1778 1513 1827 Qui
1543 1778 1658 1816 breui

242 1843 425 1889 tempore
466 1852 539 1888 pro
580 1840 736 1888 pudore
775 1840 1040 1888 disciplinam
1080 1851 1163 1876 non
1201 1839 1367 1888 patitur,
1410 1838 1520 1876 omni
1562 1841 1658 1875 tem-

242 1911 340 1948 pore
366 1900 408 1936 in
432 1899 587 1947 pudore
610 1899 854 1948 insipiencie
878 1898 1145 1948 permanebit.
1170 1920 1219 1924 —
1244 1898 1382 1936 Alius:
1408 1897 1499 1934 Non
1524 1897 1659 1934 omnis

242 1959 311 2007 qui
351 1959 518 2007 sapiens
555 1958 706 1996 dicitur
743 1958 909 2006 sapiens
948 1962 1022 2004 est,
1061 1958 1133 1995 sed
1171 1958 1240 2006 qui
1276 1957 1399 1994 discit
1436 1962 1475 1994 et
1512 1957 1661 1994 retinet

241 2018 507 2066 sapienciam.
553 2040 603 2044 —-
645 2018 784 2056 Alius:
830 2017 907 2066 Qui
949 2017 992 2054 in
1032 2017 1220 2055 doctrina
1258 2016 1467 2061 defecerit,
1511 2027 1658 2064 parum

242 2078 495 2126 generositas
530 2089 606 2116 sua
638 2078 674 2115 ei
706 2077 898 2126 proderit.
943 2076 1140 2125 Dogmate
1170 2076 1325 2125 indiget
1356 2075 1563 2121 nobilitas,
1597 2087 1657 2113 sa-

242 2136 404 2184 piencia
433 2149 533 2174 uero
565 2136 836 2185 experiencia.
868 2158 917 2162 -—
948 2136 1084 2173 Alius:
1116 2136 1161 2173 In
1192 2147 1273 2185 quo
1303 2147 1379 2172 sua
1408 2135 1560 2172 desinit
1587 2145 1655 2171 no-

241 2195 391 2241 bilitas,
420 2208 591 2234 auorum
618 2196 872 2234 nobilitatem
897 2196 996 2233 haut
1020 2207 1197 2244 congrue
1221 2197 1416 2232 reseruat.
1442 2216 1491 2220 —
1516 2193 1653 2231 Alius:

240 2254 442 2292 Nobilitas
479 2268 503 2292 a
533 2268 598 2293 me
633 2255 859 2304 procedens
895 2257 957 2292 est
989 2254 1112 2291 michi
1146 2254 1258 2292 cordi
1291 2254 1383 2302 plus
1418 2265 1541 2303 quam
1576 2264 1655 2301 que

240 2317 402 2363 patrum
442 2315 625 2362 procedit
662 2314 887 2353 nobilitate.

313 742 374 780 De
407 741 599 780 silentio.

337 2406 358 2439 2
383 2405 530 2440 donunr
