1790 2857
704 78 977 114 —29„-

131 199 231 249 quia
261 198 375 236 uiam
404 197 569 236 tardare
598 197 852 236 nolebamus.
896 196 957 234 Ad
988 196 1062 234 hec
1093 208 1242 234 senex:
1274 194 1390 233 Nunc
1420 195 1550 244 magis

134 258 284 297 tardati
328 257 447 296 estis!
506 257 554 295 Et
596 257 677 295 illis
720 255 872 295 relictis
916 255 986 293 leti
1029 254 1356 294 subintrauimus
1411 258 1549 303 portas

135 316 262 354 urbis.
301 337 351 341 —
387 315 486 354 Tale
525 317 588 353 est
623 314 887 363 prouerbium
926 313 1035 363 quod
1073 313 1236 351 audiui:
1274 312 1403 362 Magis
1440 313 1552 350 ualet

133 378 255 427 longa
290 377 360 415 uia
396 377 447 414 ad
482 376 722 427 paradisum
758 387 882 425 quam
918 375 1057 413 breuis
1093 374 1145 412 ad
1180 374 1399 412 infernum.

214 436 347 475 Arabs
377 436 595 485 castigauit
621 435 753 473 filium
781 447 923 473 suum:
953 434 1041 480 Fili,
1071 434 1105 472 si
1132 434 1261 472 fueris
1290 434 1333 471 in
1361 433 1430 471 uia
1458 445 1553 471 cum

130 496 273 546 aliquo
309 496 435 542 socio,
471 495 596 545 dilige
631 507 725 533 eum
760 494 866 533 sicut
899 496 940 532 te
975 494 1111 543 ipsum
1147 496 1188 532 et
1222 505 1305 531 non
1338 493 1549 531 mediteris

130 556 314 606 aliquem
349 556 551 604 decipere,
590 567 640 593 ne
677 557 717 592 et
749 557 795 593 tu
828 553 1062 602 decipiaris,
1098 553 1226 591 veluti
1261 553 1424 591 duobus
1459 565 1550 590 con-

137 613 224 663 tigit
254 613 527 662 burgensibus
561 615 601 651 et
631 612 795 650 rustico.
852 611 1001 649 Filius:
1034 612 1166 657 Pater,
1200 611 1306 649 refer
1336 610 1474 657 michi,
1507 613 1552 648 ut

130 675 289 725 aliquid
326 674 517 713 utilitatis
555 673 652 712 inde
688 673 855 723 capiant
889 673 1055 721 posteri.
1106 673 1245 711 Pater:

161 776 194 814 E
354 777 370 815 1
407 776 531 815 XIX·
559 742 753 829 Dictum
790 745 871 782 suit
908 745 961 782 de
998 744 1159 782 duobus
1200 744 1473 793 burgensibus
1514 747 1553 782 et

202 788 346 874 {em}
375 805 420 875 'b
521 805 531 816 ’
651 805 804 843 rustico
841 816 970 842 causa
1007 803 1211 842 oracionis
1249 804 1367 842 Mech
1403 803 1552 841 adeun—

256 847 278 874 θ
337 847 391 903 u.⁰
422 847 475 875 us
556 864 666 902 tibus
693 864 802 914 quod
827 866 967 902 essent
989 864 1091 902 socii
1113 864 1263 910 uictus,
1287 863 1418 901 donec
1442 863 1551 902 ueni-

160 895 452 993 burgenssibus
484 895 530 934 et
559 926 649 962 rent
672 936 798 973 prope
821 923 950 970 Mech,
976 926 1016 962 et
1038 927 1134 961 tunc
1156 923 1307 961 defecit
1329 923 1410 961 illis
1435 923 1552 961 cibus

255 967 330 993 lus
355 966 435 994 ²⁰⁰⁶
558 984 615 1021 ita
647 984 755 1033 quod
788 996 870 1021 non
900 983 1100 1021 remansit
1130 983 1189 1021 eis
1220 983 1442 1032 quicquam
1473 983 1552 1020 nisi

130 1045 293 1080 tantum
322 1043 458 1080 farine
488 1055 569 1093 qua
599 1043 735 1081 solum
764 1055 915 1092 panem
945 1045 985 1081 et
1014 1054 1188 1091 paruum
1219 1043 1412 1081 facerent.
1456 1042 1551 1080 Bur-

130 1114 279 1151 genses
303 1114 403 1141 uero
427 1103 505 1141 hoc
527 1102 717 1141 uidentes
741 1102 934 1141 dixerunt
956 1102 1007 1141 ad
1032 1102 1232 1140 inuicem:
1258 1103 1408 1140 Parum
1432 1102 1550 1151 panis

131 1162 346 1209 habemus,
390 1164 429 1200 et
471 1164 612 1201 noster
651 1163 828 1200 multum
869 1162 1047 1201 comedit
1087 1162 1238 1201 socius.
1293 1162 1552 1211 Quapropter

129 1224 292 1271 oportet
327 1233 401 1260 nos
435 1222 587 1260 habere
620 1222 852 1269 consilium,
887 1222 1094 1272 quomodo
1127 1222 1206 1260 sibi
1239 1224 1397 1270 partem
1431 1222 1550 1271 panis

134 1279 298 1318 auterre
324 1279 531 1328 possimus
561 1282 600 1318 et
626 1280 735 1330 quod
762 1280 978 1318 nobiscum
1005 1280 1137 1326 debet,
1166 1280 1244 1317 soli
1271 1280 1549 1317 comedamus.

1602 436 1623 468 ἴ)

1583 744 1595 776 1
1602 746 1625 776 ‹⁷›

1582 1044 1624 1076 15

131 1340 288 1379 Deinde
332 1343 580 1390 acceperunt
621 1341 841 1380 consilium
885 1341 1172 1379 huiuscemodi
1215 1341 1325 1390 quod
1367 1341 1553 1379 facerent
1579 1343 1624 1376 ΞΟ

130 1412 283 1449 panem
315 1403 354 1438 et
383 1403 609 1450 coquerent
638 1404 678 1439 et
704 1401 804 1439 dum
833 1404 1077 1451 coqueretur
1106 1394 1344 1447 dormirent,
1377 1403 1416 1438 et
1445 1401 1551 1450 quis-

128 1460 225 1509 quis
264 1472 407 1498 eorum
442 1461 697 1499 mirabiliora
734 1461 1008 1510 sompniando
1042 1460 1214 1507 uideret,
1252 1461 1365 1499 solus
1402 1472 1551 1509 panem

129 1519 375 1558 comederet.
432 1520 518 1558 Hoc
563 1520 784 1558 artificiose
827 1520 1032 1567 dicebant,
1076 1521 1173 1570 quia
1216 1520 1416 1559 rusticum
1459 1520 1550 1558 sim-

136 1577 288 1628 plicem
305 1579 357 1618 ad
372 1579 617 1618 huiusmodi
640 1579 796 1618 ficticia
819 1580 1094 1630 deputabant.
1125 1581 1175 1618 Et
1190 1581 1382 1618 iecerunt
1398 1592 1551 1630 panem

127 1638 416 1688 miseruntque
451 1639 494 1676 in
528 1639 675 1688 ignem,
710 1639 858 1677 deinde
892 1639 1108 1677 iacuerunt
1139 1641 1186 1677 ut
1216 1639 1453 1677 dormirent.
1500 1640 1554 1677 At

131 1698 309 1736 rusticus
336 1701 530 1747 percepta
556 1711 697 1737 eorum
723 1699 883 1737 astucia
906 1699 1207 1737 dormientibus
1233 1699 1357 1738 sociis
1383 1699 1433 1737 de
1459 1699 1551 1748 igne

132 1757 310 1795 extraxit
333 1769 484 1806 panem
508 1758 777 1797 semicoctum
800 1761 840 1796 et
862 1758 1040 1796 comedit
1062 1761 1102 1796 et
1124 1758 1272 1796 iterum
1297 1758 1433 1796 iacuit.
1471 1758 1551 1797 Sed

126 1828 238 1855 unus
273 1817 325 1855 de
358 1818 631 1867 burgensibus
666 1818 773 1856 sicut
805 1830 979 1867 sompno
1012 1819 1252 1867 perterritus
1287 1820 1397 1856 esset
1430 1818 1551 1867 euigi-

131 1876 234 1914 lauit
277 1877 520 1927 sociumque
561 1878 742 1916 uocauit.
800 1876 874 1916 Cui
917 1878 1020 1916 alter
1061 1878 1112 1916 de
1154 1878 1428 1927 burgensibus
1473 1878 1549 1915 ait:

1578 1643 1624 1675 25

130 1934 240 1983 Quid
270 1936 429 1974 habes?
470 1937 524 1974 At
552 1937 620 1975 ille
650 1937 804 1987 inquit:
834 1937 1021 1975 Mirabile
1052 1938 1288 1986 sompnium
1317 1937 1424 1975 uidi:
1455 1949 1553 1976 nam
1579 1942 1624 1975 30

129 1994 257 2032 michi
293 1995 432 2033 uisum
469 1998 556 2034 erat
591 1997 700 2046 quod
735 1997 817 2035 duo
853 1997 987 2046 angeli
1023 1997 1265 2046 aperiebant
1299 2000 1438 2045 portas
1474 1997 1550 2035 celi

135 2054 177 2091 et
202 2065 268 2090 me
296 2056 504 2092 sumentes
534 2057 627 2092 ante
653 2054 777 2092 deum
803 2055 1020 2093 ducebant.
1075 2055 1148 2094 Cui
1175 2055 1336 2092 socius:
1364 2055 1551 2094 Mirabile

130 2115 196 2151 est
232 2113 309 2151 hoc
348 2115 583 2163 sompnium
621 2116 730 2165 quod
765 2116 920 2154 uidisti.
971 2116 1023 2154 At
1059 2128 1131 2165 ego
1169 2116 1404 2164 sompniaui
1441 2116 1552 2166 quod

131 2184 208 2222 ego
231 2173 392 2211 duobus
418 2175 574 2223 angelis
597 2175 843 2213 ducentibus
868 2178 908 2213 et
930 2178 1081 2213 terram
1104 2175 1355 2214 findentibus
1380 2175 1551 2214 ducerer

135 2230 180 2269 in
209 2230 428 2269 infernum.
486 2232 681 2270 Rusticus
712 2244 812 2270 uero
845 2233 922 2270 hoc
953 2235 1085 2270 totum
1118 2233 1312 2271 audiebat
1343 2236 1383 2271 et
1413 2236 1551 2272 tamen
1578 2242 1622 2274 35

129 2304 179 2330 se
220 2292 399 2330 dormire
441 2292 631 2342 fingebat.
689 2293 769 2331 Sed
811 2294 1035 2343 burgenses
1077 2294 1238 2343 decepti
1280 2297 1320 2333 et
1360 2295 1550 2344 decipere

128 2352 319 2390 uolentes
353 2354 401 2390 ut
433 2352 647 2402 euigilaret
678 2353 878 2391 rusticum
909 2356 1177 2393 uocauerunt.
1224 2354 1418 2393 Rusticus
1451 2366 1550 2393 uero

131 2411 281 2449 callide
315 2414 354 2449 et
386 2411 493 2449 sicut
524 2412 690 2451 territus
724 2415 844 2459 esset,
878 2413 1109 2462 respondit:
1144 2413 1222 2463 Qui
1255 2417 1352 2452 sunt
1383 2414 1453 2464 qui
1485 2427 1551 2452 me

130 2473 317 2509 uocant?
363 2471 415 2508 At
449 2471 532 2509 illi:
567 2471 681 2510 Socii
714 2472 775 2510 tui
810 2485 970 2511 sumus.
1017 2473 1066 2510 Et
1100 2473 1306 2512 rusticus:
1342 2474 1546 2512 Rediistis

133 2529 245 2568 iam?
299 2530 351 2568 At
391 2530 472 2579 ipsi
514 2533 677 2569 contra:
721 2531 809 2581 Quo
850 2531 1120 2580 perreximus,
1161 2533 1271 2571 unde
1313 2533 1446 2571 redire
1485 2533 1549 2570 de·
1576 2540 1622 2573 40

131 2589 335 2628 beamus?
384 2590 446 2628 Ad
482 2590 557 2628 hec
595 2591 794 2630 rusticus:
831 2591 948 2630 Nunc
983 2592 1122 2631 uisum
1158 2595 1246 2631 erat
1279 2592 1404 2630 michi
1441 2592 1550 2641 quod
