1790 2857
134 229 178 255 se
200 208 379 254 habebat
398 214 559 253 duobus
580 214 725 252 diebus
748 214 932 252 ieiunare
953 213 1086 262 coegit
1106 216 1145 250 et
1166 212 1231 250 die
1251 212 1378 250 tercio
1400 224 1549 260 panem

133 274 274 324 sinapi
300 275 539 312 confectum
566 273 776 311 ieiunanti
802 272 955 322 largita
982 276 1058 310 est.
1100 273 1188 321 Que
1216 273 1316 309 dum
1344 274 1545 321 gustaret,

131 347 204 384 pre
244 333 518 372 amaritudine
559 333 667 371 oculi
707 332 794 370 eius
833 332 1040 369 lacrimari
1079 333 1287 379 ceperunt.
1339 331 1438 369 Post
1475 331 1550 368 hec

131 406 232 432 uero
273 405 377 431 anus
419 393 490 430 illa
530 392 581 430 ad
620 392 788 430 domum
827 391 976 440 pudice
1013 391 1168 429 femine
1208 390 1387 439 perrexit
1426 402 1550 439 quam

132 453 296 491 iuuenis
321 453 530 502 predictus
556 452 659 490 adeo
684 451 905 489 adamauit.
944 451 1032 499 Que
1055 450 1281 488 honorifice
1305 462 1378 498 pro
1404 462 1552 498 magna

133 513 342 562 religionis
378 512 515 562 specie
550 512 600 550 ab
635 524 684 550 eo
717 513 909 559 suscepta
943 514 1016 548 est.
1062 511 1177 548 Hanc
1212 513 1350 548 autem
1384 522 1460 547 sua
1493 522 1551 547 se-

133 573 336 622 quebatur
369 572 568 610 canicula.
617 570 800 620 Cumque
832 570 1009 608 uidisset
1039 570 1186 608 mulier
1218 570 1289 607 illa
1320 569 1552 607 caniculam

133 633 431 678 lacrimantem,
469 631 650 681 quesiuit
684 630 782 680 quid
816 630 988 668 haberet
1021 632 1061 668 et
1094 642 1222 679 qnare
1254 629 1550 667 lacrimaretur.

132 692 248 729 Anus
284 691 334 729 ad
368 692 465 729 hec:
501 690 606 728 Cara
638 690 783 736 amica,
817 702 869 727 ne
903 702 1052 739 queras
1087 689 1185 738 quid
1219 689 1283 735 sit,
1319 689 1417 738 quia
1450 688 1552 726 adeo

133 763 306 800 magnus
340 751 458 789 dolor
491 753 553 789 est
585 750 692 800 quod
726 761 887 799 nequeo
919 750 1065 787 dicere.
1111 749 1258 787 Mulier
1289 761 1388 786 uero
1421 748 1552 797 magis

134 811 357 860 instigabat
387 814 434 849 ut
463 810 638 848 diceret·
674 808 748 847 Cui
780 821 905 847 anus:
937 810 1021 847 Hec
1053 821 1178 858 quam
1210 808 1414 857 conspicis
1446 808 1553 846 cani-

134 871 227 908 cula
261 883 354 908 mea
388 874 475 908 erat
505 869 603 916 filia,
637 872 752 907 casta
785 869 908 907 nimis
943 872 983 907 et
1014 868 1174 907 decora.
1223 868 1357 917 Quam
1388 868 1552 906 iuuenis

135 931 346 968 adamanit
381 929 555 980 quidam
567 944 576 976 3
619 929 692 967 sed
735 929 838 967 adeo
879 932 995 966 casta
1036 932 1124 966 erat
1163 931 1209 965 ut
1249 940 1343 966 eum
1385 928 1553 965 omnino

135 992 347 1039 sperneret
390 992 430 1028 et
472 989 560 1027 eius
603 1001 786 1026 amorem
828 991 1051 1036 respueret.
1106 988 1221 1026 Vnde
1262 988 1406 1025 dolens
1451 988 1553 1025 adeo

136 1049 312 1087 efficitur
347 1052 394 1087 ut
429 1061 578 1098 magna
615 1048 843 1098 egritudme
879 1049 1167 1097 stringeretur:
1204 1060 1279 1096 pro
1315 1060 1396 1097 qua
1433 1048 1555 1095 culpa

135 1109 426 1147 miserabiliter
454 1109 529 1146 hec
558 1108 794 1157 supradicta
823 1111 920 1145 nata
948 1120 1039 1146 mea
1066 1108 1108 1145 in
1136 1108 1368 1145 caniculam
1397 1109 1553 1144 mutata

137 1172 209 1206 est.
259 1168 489 1207 Hisdictis
525 1180 597 1217 pre
633 1168 760 1206 nimio
796 1167 937 1206 dolore
974 1168 1108 1216 erupit
1143 1167 1186 1204 in
1219 1167 1413 1205 lacrimas
1450 1179 1554 1205 anus

136 1229 217 1265 illa.
258 1228 319 1265 Ad
344 1228 421 1265 hec
444 1228 621 1266 femina:
650 1227 755 1276 Quid
781 1240 867 1276 ego,
895 1240 991 1265 cara
1016 1227 1196 1273 domina,
1224 1227 1372 1265 similis
1398 1227 1555 1276 peccati

136 1288 316 1334 conscia,
361 1287 471 1337 quid,
517 1287 698 1336 inquam,
742 1287 904 1325 factura
946 1291 1068 1325 sum‘?
1110 1287 1175 1324 Me
1218 1286 1369 1324 etenim
1411 1286 1557 1324 dilexit

136 1348 300 1385 iuuenis
342 1347 523 1396 quidam,
565 1347 636 1385 sed
677 1347 879 1385 castitatis
921 1359 1060 1384 amore
1101 1359 1195 1384 eum
1233 1346 1475 1395 contempsi,
1518 1350 1557 1384 et

137 1407 262 1459 simili
293 1407 416 1445 modo
447 1407 482 1444 ei
512 1407 691 1456 contigit.
736 1405 809 1444 Cui
839 1419 965 1444 anus:
995 1406 1138 1444 Laudo
1168 1406 1254 1452 tibi,
1285 1418 1382 1443 cara
1411 1405 1555 1452 amica,

135 1469 180 1504 ut
222 1479 347 1516 quam
388 1467 516 1504 cicius
557 1467 712 1515 poteris
752 1466 875 1504 huius
917 1466 1153 1504 miserearis
1194 1468 1234 1504 et
1274 1466 1383 1515 quod
1425 1466 1558 1514 querit

135 1526 279 1573 facias,
318 1539 369 1564 ne
406 1528 445 1564 et
478 1530 523 1564 tu
559 1526 684 1564 simili
720 1526 842 1564 modo
878 1526 920 1563 in
955 1538 1101 1563 canem
1134 1526 1318 1563 muteris.
1369 1525 1411 1563 Si
1447 1525 1557 1562 enim

135 1585 286 1623 scirem
321 1586 428 1624 inter
462 1586 656 1624 iuuenem
691 1586 920 1634 predictum
955 1589 995 1623 et
1027 1585 1156 1623 filiam
1189 1594 1325 1623 meam
1361 1597 1555 1631 amorem,

138 1658 351 1696 nunquam
374 1658 467 1683 mea
488 1648 717 1683 mutaretur
738 1645 833 1683 filia.
871 1644 945 1683 Cui
969 1645 1026 1683 ait
1046 1645 1194 1683 mulier
1216 1648 1351 1683 casta:
1377 1645 1557 1683 Obsecro
1585 1656 1593 1667 '-

136 1708 181 1743 ut
207 1705 429 1744 consilium
454 1705 578 1744 huius
605 1705 662 1743 rei
688 1705 788 1743 utile
813 1705 941 1751 dicas,
968 1718 1020 1742 ne
1046 1705 1211 1754 propria
1235 1706 1370 1742 torma
1395 1704 1559 1754 priuata

139 1764 295 1803 efficiar
329 1765 528 1803 canicula.
575 1765 712 1803 Anus:
746 1765 939 1802 Libenter
971 1777 1043 1814 pro
1077 1765 1142 1802 dei
1177 1777 1316 1802 amore
1350 1768 1390 1802 et
1422 1765 1558 1802 anime

138 1824 319 1863 remedio
361 1837 452 1862 mee
493 1827 533 1863 et
573 1824 671 1874 quia
709 1824 879 1863 miseret
917 1837 983 1862 me
1023 1824 1082 1862 tui
1123 1825 1232 1862 hunc
1274 1824 1559 1873 supradictum

139 1884 332 1922 iuuenem
361 1897 545 1934 queram,
574 1887 613 1922 et
639 1885 674 1922 si
703 1897 784 1934 quo
810 1884 987 1922 inueniri
1014 1885 1176 1933 poterit,
1206 1884 1257 1922 ad
1285 1887 1324 1922 te
1351 1883 1556 1921 reducam.

141 1941 215 1981 Cui
244 1944 401 1992 gracias
432 1945 512 1993 egit
537 1944 696 1982 mulier.
738 1945 787 1981 Et
814 1944 873 1983 sic
902 1956 1005 1982 anus
1036 1944 1261 1982 artificiosa
1286 1944 1406 1981 dictis
1434 1943 1558 1981 fidem
1586 1968 1592 1974 -

139 2003 314 2051 prebuit,
350 2005 390 2041 et
424 2016 546 2053 quem
580 2004 770 2052 promisit
802 2004 966 2042 reduxit
999 2004 1194 2042 iuuenem
1228 2007 1267 2041 et
1301 2004 1358 2041 sic
1394 2016 1463 2041 eos
1499 2015 1558 2041 as-

140 2062 326 2100 sociauit.

222 2121 458 2172 Discipulus
491 2123 549 2160 ait
578 2123 796 2172 magistro:
829 2123 1051 2172 Nunquam
1083 2123 1224 2160 audiui
1257 2125 1342 2160 tam
1371 2122 1559 2160 mirabile

142 2181 252 2230 quid,
287 2183 326 2220 et
355 2181 433 2219 hoc
463 2185 561 2229 puto
593 2182 680 2219 fieri
713 2185 798 2220 arte
827 2183 994 2220 diaboli.
1038 2182 1251 2231 Magister:
1283 2182 1342 2220 Ne
1373 2182 1556 2220 dubites!

141 2241 398 2289 Discipulus:
438 2241 566 2289 Spero
604 2242 713 2290 quod
751 2242 881 2290 siquis
918 2242 1041 2279 1101110
1078 2246 1163 2279 tam
1199 2242 1366 2290 sapiens
1404 2242 1480 2280 erit
1515 2246 1560 2280 ut
1586 2250 1604 2280 ξ’

142 2312 305 2348 semper
344 2300 486 2338 timeat
524 2312 569 2338 se
607 2312 730 2348 posse
768 2301 901 2349 decipi
942 2304 1027 2338 arte
1063 2301 1261 2347 mulieris,
1299 2301 1475 2339 forsitan
1512 2315 1558 2340 se

142 2359 193 2397 ab
236 2359 346 2397 illius
388 2359 553 2408 ingenio
594 2360 801 2398 custodire
840 2360 1007 2397 ualebit.
1061 2360 1275 2409 Magister:
1315 2361 1468 2399 Audiui
1508 2361 1559 2399 de

142 2419 322 2468 quodam
355 2419 524 2457 homine
558 2419 627 2468 qui
660 2420 835 2456 multum
868 2419 1074 2457 laborauit
1105 2423 1151 2457 ut
1182 2432 1302 2458 suam
1335 2421 1560 2459 custodiret

141 2490 327 2524 uxorem,
357 2478 429 2516 sed
457 2478 581 2515 nichil
609 2478 772 2526 profuit.
812 2479 1068 2527 Discipulus:
1095 2480 1300 2529 Magister,
1327 2480 1393 2518 dic
1420 2480 1557 2522 michi,

1582 756 1623 789 10

1586 1052 1626 1084 15

1584 1351 1628 1384 ΞΟ

1586 1651 1604 1683 ι»

1609 1651 1629 1682 0«

143 2537 240 2587 quid
266 2538 376 2586 fecit,
403 2541 450 2576 ut
474 2538 622 2576 melius
650 2538 778 2576 sciam
805 2539 840 2576 si
867 2551 991 2588 quam
1018 2539 1174 2577 duxero
1200 2540 1312 2577 illam
1339 2540 1557 2578 custodire.
1587 2542 1633 2574 40

141 2596 335 2646 Magister
348 2612 355 2635 :

1395 2678 1429 2696 ss*
