1846 2857
188 438 210 472 Qu

190 731 234 763 10

189 1962 234 1996 30

844 96 895 100 .-
958 74 981 110 -2
1044 95 1093 99 -.

261 195 333 239 est,
356 193 497 231 inultis
517 192 672 242 indiget
691 205 770 242 que
791 192 1010 230 oblitorum
1030 192 1185 229 iaciant
1205 191 1421 229 recordari.
1455 191 1676 240 Propterea

261 264 354 302 ergo
382 253 568 290 libellum
596 252 793 301 compegi,
822 251 970 300 partim
999 263 1049 288 ex
1075 251 1304 299 prouerbiis
1333 251 1674 300 philosophorum

261 314 300 350 et
324 311 412 350 'suis
438 311 798 360 castigacionibus,
824 310 973 359 partim
999 323 1050 348 ex
1074 310 1302 358 prouerbiis
1329 312 1369 348 et
1393 309 1675 358 castigacioni-

258 371 336 409 bus
375 371 551 409 arabicis
589 374 628 408 et
660 370 814 408 fabulis
851 372 891 407 et
923 370 1127 415 uersibus,
1162 369 1312 418 partim
1348 381 1398 407 ex
1433 369 1675 406 animalium

261 433 299 468 et
342 431 558 468 uolucrum
601 429 954 467 similitudinibus.
1010 428 1176 466 Modum
1220 432 1357 466 tamen
1398 428 1674 474 consideraui,

261 501 315 527 ne
353 488 388 526 si
427 488 547 536 plura
585 487 831 525 necessariis
870 486 1117 535 scripserim.
1158 486 1311 534 scripta
1348 486 1491 524 honeri
1529 486 1674 535 pocius

258 549 342 587 sint
384 548 527 586 lectori
570 560 693 597 quam
736 547 934 594 subsidia,
974 551 1020 585 ut
1061 547 1289 596 legentibus
1332 549 1370 584 et
1411 547 1674 584 audientibus

258 608 343 647 sint
383 607 635 646 desiderium
677 610 717 645 et
758 607 921 645 occasio
962 606 1183 644 ediscendi.
1238 605 1423 643 Scientes
1463 618 1562 644 uero
1602 618 1677 654 per

260 680 308 706 ea
333 680 412 717 que
433 667 498 705 hic
521 667 784 705 continentur
806 666 1025 704 oblitorum
1049 665 1375 703 reminiscantur.
1410 665 1512 702 Huic
1535 665 1675 703 libello

263 738 415 764 nomen
452 725 683 773 iniungens,
724 728 765 762 et
803 728 864 761 est
900 736 1053 761 nomen
1092 736 1141 760 ex
1180 736 1243 760 re:
1283 723 1323 759 id
1364 725 1423 761 est
1463 722 1675 761 Clericalis

258 786 497 835 disciplina3
538 786 671 824 reddit
708 785 816 823 enim
854 785 1048 823 clericum
1084 784 1404 832 disciplinatum.
1454 783 1673 821 Vitandum

258 849 398 884 tamen
439 845 604 883 decreui
645 857 720 894 pro
761 844 1037 893 possibilitate
1078 856 1225 881 sensus
1267 843 1361 889 mei,
1402 855 1454 880 ne
1495 842 1592 891 quid
1632 842 1675 880 in

260 908 400 943 nostro
434 906 613 943 'tractatu
647 904 884 942 inueniatur
918 903 1027 953 quod
1061 906 1198 941 nostre
1231 902 1464 940 credulitati
1498 902 1551 939 sit
1583 913 1674 940 con-

258 965 429 1003 trarium
462 965 531 1002 uel
566 976 589 1001 a
616 966 758 1002 nostra
790 963 869 1000 fide
901 963 1124 1000 diuersum.
1171 962 1232 999 Ad
1266 962 1375 1011 quod
1409 961 1576 999 adiuuet
1610 973 1677 998 me

261 1024 520 1072 omnipotens
562 1024 665 1061 deus
709 1023 775 1061 cui
818 1022 1063 1071 supernitor.
1117 1022 1260 1059 Amen.

341 1084 384 1121 Si
410 1083 503 1133 'quis
529 1086 669 1120 tamen
692 1082 770 1120 hoc
796 1081 1041 1130 opusculum
1065 1081 1246 1118 humano
1273 1083 1313 1118 et
1339 1079 1530 1118 exteriori
1557 1080 1676 1117 oculo

258 1142 504 1192 percurrerit
532 1141 574 1180 'et
600 1142 698 1191 quid
725 1141 769 1178 in
796 1154 844 1179 eo
872 1140 980 1190 quod
1008 1141 1190 1178 humana
1217 1152 1362 1188 parum
1390 1139 1499 1177 cauit
1528 1142 1676 1176 natura

258 1201 666 1249 uiderit,.·subtiliori
706 1201 824 1239 oculo
862 1200 1010 1238 iterum
1049 1203 1088 1237 et
1125 1199 1273 1237 iterum
1310 1199 1488 1248 relegere
1526 1210 1676 1236 moneo

261 1265 300 1300 et
335 1262 503 1300 demum
539 1261 617 1309 ipsi
656 1262 695 1298 et
731 1260 921 1298 omnibus
958 1259 1159 1297 catholice
1194 1258 1291 1297 fidei
1326 1258 1517 1307 perfectis
1554 1257 1675 1296 corri-

259 1321 436 1370 gendum
480 1332 654 1369 appono.
710 1319 845 1357 Nichil
889 1318 997 1356 enim
1040 1318 1081 1355 in
1123 1317 1314 1355 humanis
1358 1317 1676 1355 inuencionihus

258 1380 484 1430 perfectum
525 1382 643 1428 putat
680 1379 965 1428 philosophus.

289 1513 324 1551 D
378 1513 413 1551 t.
560 1513 595 1551 D
628 1513 636 1521 .
691 1478 855 1565 Enoch
896 1482 1169 1531 philosophus
1213 1481 1282 1530 qui
1324 1481 1463 1529 lingua
1505 1479 1671 1518 arabica

329 1526 350 1551 e
403 1524 538 1551 lmore
599 1525 653 1551 el‘
775 1541 1087 1590 cognominatur
1130 1541 1260 1586 Edric,
1304 1540 1408 1577 dixit
1448 1540 1533 1577 filio
1574 1551 1671 1577 suo:

258 1601 395 1639 Timor
436 1601 594 1638 domini
637 1601 692 1639 sit
734 1600 970 1650 negociacio
1010 1604 1093 1640 tua,
1139 1603 1178 1637 et
1217 1599 1359 1637 ueniet
1400 1599 1472 1636 tibi
1514 1599 1674 1635 lucrum

213 1664 227 1670 ”
257 1660 349 1699 sine
386 1660 537 1698 labore.
574 1682 624 1685 ——
660 1660 772 1696 Dixit
805 1659 910 1697 alius
945 1659 1238 1708 philosophus:
1275 1658 1352 1707 Qui
1386 1658 1503 1695 timet
1536 1657 1674 1703 deum,

259 1720 398 1758 omnia
417 1720 564 1757 timent
584 1731 697 1764 eum;
718 1718 788 1768 qui
806 1731 906 1756 uero
926 1730 1008 1755 non
1029 1718 1143 1755 timet
1163 1718 1297 1763 deum,
1319 1717 1434 1755 timet
1453 1716 1602 1754 onmia.
1623 1738 1672 1741 —

259 1779 370 1816 Dixit
414 1779 519 1816 alius
562 1778 856 1827 philosophus:
902 1777 979 1826 Qui
1021 1777 1138 1814 timet
1178 1777 1314 1822 deum,
1356 1776 1486 1825 diligit
1527 1776 1674 1821 deum;

260 1838 329 1888 qui
360 1838 492 1887 diligit
518 1837 655 1883 deum,
687 1837 825 1874 obedit
852 1836 940 1875 deo.
971 1859 1021 1862 —
1052 1836 1163 1873 Dixit.
1190 1836 1321 1873 Arabs
1350 1836 1393 1872 in
1420 1847 1545 1873 uersu
1574 1847 1672 1872 suo:

260 1897 504 1936 Inobediens
544 1909 586 1935 es
624 1896 723 1934 deo:
762 1896 934 1934 simulas
973 1899 1109 1933 tamen
1146 1898 1185 1933 te
1222 1907 1315 1932 eum
1353 1907 1503 1939 amare,
1542 1898 1581 1933 et.
1617 1894 1672 1931 in-

261 1956 462 1995 credibile
491 1959 575 2002 est;
604 1955 639 1993 si
669 1955 781 1994 enim
810 1968 909 1993 uere
939 1967 1117 2000 amares,
1147 1954 1340 1992 obedires
1371 1954 1422 1992 ei.
1464 1955 1569 1991 Nam
1600 1953 1670 2003 qui

686 2017 805 2060 amat,
840 2013 987 2053 obedit.
1020 2036 1069 2039 —
1099 2013 1210 2050 Dixit
1239 2013 1429 2050 Socrates
1458 2012 1673 2061 discipulis

685 2073 791 2111 suis:
833 2073 975 2111 Videte
1018 2085 1067 2110 ne
1108 2072 1199 2110 sitis
1237 2072 1315 2110 deo
1356 2072 1593 2110 obedientes
1635 2075 1674 2109 et

259 2133 542 2171 inobedientes
589 2133 631 2170 in
675 2132 830 2171 eodem.
887 2132 1036 2169 Dicunt
1078 2131 1134 2169 ei:
1179 2131 1360 2169 Enuclea
1402 2131 1519 2169 nobis
1563 2130 1672 2180 quod

261 2191 375 2228 dicis.
432 2191 509 2239 Qui
541 2191 617 2228 ait:
649 2190 846 2228 Dimittite
877 2189 1147 2239 hypocrisim!
1203 2189 1275 2226 Est
1304 2189 1413 2227 enim
1443 2188 1672 2237 hypocrisis

259 2263 397 2289 coram
427 2248 666 2289 hominibus
698 2251 894 2290 simulare
923 2263 967 2288 se
998 2250 1162 2288 obedire
1191 2250 1280 2296 deo,
1312 2250 1355 2287 in
1386 2251 1544 2287 occulto
1573 2260 1673 2286 uero

259 2311 563 2348 inobedientem
594 2323 696 2349 esse.
737 2310 844 2348 Dicit
871 2310 907 2348 ei
933 2321 1041 2348 unus
1070 2322 1120 2348 ex
1145 2309 1381 2358 discipulis:
1411 2309 1533 2346 Estne
1561 2307 1671 2345 aliud

259 2382 386 2419 genus
427 2370 671 2419 hypocrisis,
711 2369 822 2408 unde
860 2369 1018 2408 homini
1057 2368 1288 2406 cauendum
1327 2368 1409 2405 sit?
1459 2367 1562 2404 Dicit
1603 2366 1671 2404 So-

259 2432 413 2467 crates:
452 2429 524 2467 Est
559 2429 682 2467 homo
719 2429 788 2478 qui
822 2429 867 2466 in
901 2431 1042 2478 aperto
1079 2431 1119 2466 et
1153 2428 1196 2465 in
1231 2428 1391 2465 occulto
1427 2425 1592 2463 obedire
1627 2437 1673 2463 se

314 2046 374 2084 De
396 2044 634 2095 hypocrisi.

354 2510 375 2543 3
418 2509 546 2553 partim
589 2520 631 2543 ex
673 2520 774 2553 prou.
801 2512 836 2543 et
862 2512 946 2544 cast.
973 2509 1062 2552 fehlt
1094 2510 1169 2550 (ein
1205 2507 1387 2542 ‘bom-don'
1419 2508 1505 2540 oder
1530 2507 1674 2550 14119811,-

259 2564 426 2607 spruny).
