1790 2857
126 731 168 763 lO

123 1327 169 1360 ΞΟ

124 1627 169 1661 ἐξ

125 1926 171 1959 30

125 2216 171 2250 35

765 69 1039 105 -45-

194 188 390 235 ceperunt
431 186 534 224 adeo
575 199 692 236 egere
733 186 842 236 quod
881 187 1067 225 ciborum
1106 187 1244 225 inedia
1282 187 1615 236 periclitarentur

197 246 322 284 fame.
374 246 493 295 Quod
532 245 683 284 uidens
722 258 827 295 puer
863 247 970 284 bone
1008 246 1164 285 indolis
1202 247 1344 285 animo
1383 247 1612 294 condoluit,

194 305 418 343 condolens
459 305 608 343 horrea
647 305 829 354 depleuit
868 307 908 343 et
946 305 1198 354 pauperibus
1236 305 1447 344 distribuit
1485 311 1523 345 et
1561 307 1614 344 de

192 376 303 414 penu
346 365 492 402 uinum
537 364 716 402 extraxit
760 368 800 402 et
841 377 985 403 carnes
1031 377 1134 414 quas
1177 365 1356 403 habebat
1399 366 1613 415 egentibus

195 424 389 473 erogauit.
429 424 478 461 Et
502 428 713 462 crescente
736 424 910 473 penuria
934 425 1177 463 decrescens
1201 425 1377 473 pecunia
1401 426 1614 475 indigenti—

193 484 270 522 bus
310 496 392 522 non
430 483 601 522 suffecit.
652 484 802 522 Postea
835 496 937 522 uero
973 485 1070 522 dato
1106 496 1180 533 pro
1217 497 1382 523 annona
1417 485 1614 524 thesauro

193 543 322 581 uitam
352 544 463 581 fame
492 544 559 581 uel
589 543 658 582 siti
687 544 972 582 laborancium
1002 556 1218 593 quousque
1247 544 1381 592 potuit
1409 545 1615 583 sustinere

195 615 277 641 non
303 603 475 649 distulit,
502 615 577 641 nec
604 603 775 642 suffecit.
814 604 900 642 Hoc
925 603 1035 641 idem
1060 604 1111 641 de
1135 604 1323 642 uestibus
1351 606 1390 642 et
1414 605 1615 653 preciosis

196 661 404 709 lapidibus
442 661 532 710 egit.
594 661 643 698 Et
678 661 737 699 sic
773 661 938 699 transiit
971 661 1151 699 circulus
1187 661 1298 708 anni,
1334 661 1377 699 in
1414 674 1494 711 quo
1530 674 1614 701 non

193 734 348 771 paucos
383 722 466 760 iam
499 722 643 761 mortis
677 723 853 761 nexibus
886 722 1066 761 irretitos
1098 723 1301 761 liberauit.
1347 723 1445 761 Erat
1476 726 1615 762 autem

194 782 237 819 in
282 782 426 820 eadem
471 782 637 831 regione
681 782 849 832 quidam
892 782 997 831 regis
1041 782 1257 831 prescripti
1299 783 1499 829 notarius,
1544 783 1615 832 qui

194 840 343 879 liuoris
366 841 534 879 macula
557 844 694 880 tactus
719 854 850 891 puero
871 840 1094 880 inuidebat
1117 844 1158 880 et
1179 854 1330 892 graues
1354 842 1609 881 inimicicias

194 903 338 938 contra
370 913 463 938 eum
492 901 669 938 latenter
699 901 927 939 exercebat.
972 900 1051 950 Qui
1080 913 1215 950 regem
1246 913 1341 950 erga
1370 913 1543 950 puerum
1572 901 1616 939 in

195 960 299 998 iram
333 960 607 1009 exasperabat
637 961 702 998 his
732 960 893 998 uerbis:
926 961 1111 1007 Domine,
1143 960 1292 999 lenitas
1323 965 1462 999 uestre
1492 960 1616 999 maie-

194 1020 313 1058 statis
341 1019 384 1057 in
409 1020 538 1058 uestri
564 1020 695 1057 filium
721 1020 960 1066 consiliarii,
987 1020 1052 1058 cui
1078 1023 1195 1070 pater
1219 1020 1425 1058 infinitam
1451 1020 1617 1070 reliquit

193 1079 425 1128 pecuniam,
466 1092 519 1117 ne
556 1080 694 1117 dicam
732 1080 869 1125 stulte,
908 1079 1081 1118 nimium
1119 1080 1256 1118 mollis
1295 1080 1441 1118 extitit.
1492 1080 1617 1118 Modo

195 1151 374 1188 namque
414 1151 490 1177 nec
529 1151 606 1177 uos
647 1151 722 1177 nec
761 1140 850 1188 ipse
889 1140 1109 1188 pecuniam
1146 1140 1321 1186 habetis,
1363 1152 1488 1189 quam
1526 1140 1617 1189 ipse

195 1198 378 1237 insulsus
419 1199 628 1248 superflue
665 1199 922 1248 dilapidauit.
976 1200 1065 1237 Rex
1102 1212 1201 1238 uero
1239 1199 1392 1238 talibus
1430 1200 1474 1237 in
1511 1199 1616 1238 iram

198 1257 429 1294 commotus
471 1269 545 1305 pro
587 1269 715 1306 puero
756 1257 921 1306 legauit.
989 1257 1062 1297 Cui
1104 1257 1203 1295 talia
1242 1257 1366 1295 dixit:
1409 1257 1616 1307 Insipiens

195 1317 254 1354 fili
298 1318 511 1367 sapientis,
570 1318 709 1356 inhers
755 1318 980 1365 artificiosi,
1037 1319 1204 1368 prodige
1259 1319 1373 1368 largi,
1416 1323 1463 1357 ut
1517 1319 1614 1368 quid

197 1376 372 1414 diuicias
408 1376 616 1425 sapienter
651 1379 916 1426 congregatas
954 1379 994 1414 et
1027 1376 1100 1415 tibi
1136 1377 1186 1414 ad
1223 1376 1474 1415 seruandum
1509 1388 1616 1415 com-

195 1437 410 1475 mendatas
449 1437 599 1476 dedisti
635 1438 863 1487 perniciei?
911 1438 974 1476 Ad
1010 1438 1085 1476 hec
1121 1450 1223 1487 puer
1255 1438 1351 1476 uisu
1387 1438 1430 1476 in
1465 1442 1617 1476 terram

195 1497 619 1547 defixo—principis
649 1497 762 1536 enim
777 1497 1101 1536 uultuositatem
1130 1499 1275 1547 utpote
1291 1497 1424 1536 toruis
1455 1497 1613 1536 inflam-

198 1558 355 1594 matam
383 1556 616 1594 luminibus
646 1558 896 1595 uerebatur:
926 1556 1115 1603 Domine,
1146 1557 1183 1595 si
1213 1569 1315 1606 pace
1346 1560 1488 1595 uestra
1518 1557 1619 1595 licet

195 1614 344 1662 dicere,
388 1628 471 1654 non
511 1618 556 1653 ut
597 1615 846 1666 quibusdam
885 1615 1051 1654 uidetur
1091 1617 1242 1654 stultus
1281 1618 1398 1665 patre
1439 1616 1614 1664 sapienti

195 1675 314 1713 uobis
346 1687 438 1713 sum
467 1675 646 1713 relictus.
688 1675 808 1713 Pater
837 1675 989 1713 etenim
1016 1688 1133 1713 meus
1162 1675 1426 1724 congregauit
1454 1675 1615 1713 thesau-

197 1747 299 1781 rum,
335 1737 627 1784 congregatum
658 1735 768 1773 unde
800 1735 912 1773 fures
946 1747 1090 1784 rapere
1122 1738 1293 1783 possent
1323 1735 1544 1772 collocauit
1577 1738 1616 1772 et

196 1794 321 1832 michi
353 1794 418 1832 cui
449 1794 627 1843 possetis
659 1795 822 1832 auterre
850 1795 918 1832 uel
948 1794 1053 1843 ignis
1084 1797 1226 1843 posset
1255 1794 1495 1833 comburere
1525 1794 1617 1832 siue

197 1854 346 1903 aliquis
382 1866 504 1892 casus
540 1854 697 1902 eripere
730 1854 904 1903 reliquit.
951 1854 1033 1903 Ego
1065 1866 1164 1892 uero
1198 1854 1373 1892 eundem
1406 1854 1462 1891 ibi
1494 1854 1617 1892 collo-

197 1914 290 1951 caui
333 1913 404 1951 ubi
449 1913 625 1951 fideliter
668 1913 747 1952 sibi
791 1913 1025 1952 seruabitur
1069 1916 1109 1951 et
1149 1913 1286 1951 michi.
1343 1913 1433 1951 Rex
1477 1916 1618 1951 autem

197 1973 294 2022 quid
320 1973 416 2011 inde
439 1973 608 2011 fecisset
631 1973 801 2022 rogauit.
839 1973 945 2011 Puer
966 1985 1065 2011 uero
1092 1973 1189 2022 quid
1215 1976 1255 2011 et
1278 1973 1454 2022 qualiter
1478 1976 1619 2022 egerat

198 2032 423 2070 retaxauit.
461 2033 686 2082 Comperta
707 2032 890 2082 denique
911 2032 1081 2071 iuuenis
1104 2032 1271 2070 astucia
1293 2036 1610 2071 remuneratum

198 2103 269 2128 rex
289 2092 401 2140 prius
424 2104 518 2130 eum
537 2103 676 2130 coram
696 2091 1059 2130 circumstantibus
1079 2091 1277 2138 laudauit,
1298 2091 1465 2130 laudato
1485 2092 1617 2140 patris

200 2149 422 2187 seruicium
460 2149 803 2198 recompensauit.
868 2149 945 2198 Qui
984 2149 1132 2187 exinde
1168 2149 1368 2188 lucrando
1405 2161 1536 2187 nouas
1576 2152 1618 2187 et

197 2210 375 2248 maiores
412 2211 619 2260 prioribus
655 2211 830 2249 diuicias
867 2211 1104 2261 adquisiuit.
1140 2233 1191 2237 —
1225 2211 1312 2249 Hoc
1346 2211 1469 2248 modo
1506 2210 1617 2260 quod

200 2268 427 2317 preciosius
455 2269 601 2306 habuit
627 2268 736 2307 filius
766 2268 991 2307 consiliarii
1019 2268 1124 2318 regis
1154 2268 1196 2306 in
1222 2268 1345 2306 domo
1373 2268 1616 2306 deliciarum

197 2329 508 2367 thesaurizauit.

278 2389 440 2426 Auditis
474 2389 735 2428 sermonibus
765 2389 894 2439 patris
924 2389 1034 2427 filius
1065 2389 1219 2439 inquit:
1249 2388 1415 2427 quenis
1446 2388 1523 2426 iste
1553 2399 1616 2426 sa-

197 2448 357 2498 pienter
398 2448 478 2497 egit
518 2452 557 2487 et
595 2461 743 2498 magne
781 2449 992 2498 specimen
1030 2449 1228 2487 bonitatis
1266 2449 1310 2487 in
1347 2461 1392 2487 se
1429 2447 1614 2485 futurum

292 2533 315 2567 4
346 2543 435 2577 quas
473 2533 629 2567 habebat
666 2534 764 2577 fehlt.
806 2553 848 2558 —
891 2534 934 2567 14
971 2534 1099 2568 lenitas
1136 2537 1254 2568 uestre
1292 2533 1528 2567 mortalitatis.
1569 2553 1615 2558 —-—

198 2587 243 2620 28
269 2589 390 2631 posset
413 2587 514 2629 fehlt.
