1790 2857
700 30 972 68 -39-

131 146 270 185 fratris
305 147 487 185 aduentu
523 146 650 185 frater
685 146 862 185 occurrit
897 146 933 184 ei
970 149 1010 184 et
1045 145 1165 184 hilari
1199 146 1319 184 uultu
1356 149 1547 184 accurate

130 221 223 247 eum
253 208 446 256 suscepit.
488 208 724 246 Transactis
752 220 852 246 uero
880 208 1038 258 aliquot
1064 207 1223 254 diebus,
1253 207 1422 256 prouiso
1450 209 1546 245 tem-

128 280 227 317 pore
252 270 291 305 et
313 267 416 314 loco,
440 268 523 317 regi
547 268 678 306 eciam
701 280 823 306 suum
845 268 1015 306 fratrem
1038 267 1260 305 aduenisse
1282 267 1388 304 inter
1410 269 1547 305 cetera

128 340 209 377 que
241 327 399 365 sciebat
429 328 593 376 placere
625 328 774 365 retulit.
820 327 894 366 Cui
926 339 1018 366 rex:
1052 327 1095 365 Si
1126 327 1253 364 frater
1283 329 1379 365 tuus
1410 328 1547 364 tecum

129 387 172 424 in
207 399 301 425 meo
338 399 462 436 regno
500 399 711 425 remanere
748 387 1017 436 adquieuerit,
1056 386 1194 425 omnia
1228 389 1365 424 tecum
1402 385 1461 423 illi
1496 407 1546 412 —

130 446 261 484 eciam
300 458 486 484 mearum
524 446 753 485 custodiam
792 459 928 484 rerum
964 469 1015 472 —
1051 445 1289 484 communia
1326 457 1418 484 esse
1454 457 1546 483 con-

128 506 241 544 cedo.
279 505 436 555 Quodsi
456 507 640 544 laborem
662 506 854 552 renuerit,
878 506 921 543 in
942 506 1018 544 hac
1041 506 1209 544 ciuitate
1231 506 1365 554 largas
1386 517 1547 554 posses-

132 563 272 602 siones
317 564 352 602 ei
394 564 504 602 dabo
553 567 593 602 et
641 576 783 601 omnes
832 563 1157 602 consuetudines
1204 566 1247 602 «et
1295 575 1374 613 que
1422 561 1549 600 michi

127 625 266 663 facere
303 625 472 663 deberet
508 625 762 663 condonabo.
815 625 859 663 Si
894 637 994 663 uero
1031 625 1198 663 demum
1233 627 1368 662 tactus
1407 636 1547 662 amore

129 684 286 723 natalis
309 684 389 723 soli
413 685 645 734 repatriare
661 684 858 730 uoluerit,
882 684 1066 734 plurima
1082 684 1435 722 uestimentorum
1458 696 1543 721 mu-

132 744 287 782 tatoria
309 746 350 782 et
373 756 637 793 quecumque
660 743 699 782 ei
721 743 964 781 necessaria
987 743 1157 789 fuerint,
1181 743 1334 793 largire
1358 754 1454 780 cum
1474 743 1544 780 ha-

132 803 374 841 bundancia
389 804 395 840 l
412 802 579 841 Auditis
596 802 863 840 sermonibus
880 802 989 851 regis
1006 803 1137 840 frater
1152 802 1327 840 fratrem
1342 801 1545 840 conuenit

130 864 170 900 et
195 864 351 912 quanta
374 862 566 900 dominus
591 862 850 911 promiserat,
877 861 1019 900 ordine
1044 861 1260 899 retaxauit.
1301 861 1375 900 Cui
1400 861 1546 898 frater:

132 920 176 958 Si
205 920 271 958 uis
300 923 347 958 ut
375 922 510 958 tecum
540 931 687 965 morer,
720 919 890 957 ostende
920 919 1045 957 michi
1077 919 1220 968 quanti
1249 919 1334 957 sint
1363 919 1547 957 redditus

130 981 248 1030 regis.
317 981 410 1030 Ipse
453 983 592 1019 autem
636 993 778 1019 omnes
823 981 1013 1019 ostendit.
1082 980 1238 1018 Deinde
1279 980 1550 1028 interrogauit

134 1043 315 1090 quantas
332 1040 556 1090 dispensas
578 1052 652 1078 rex
674 1040 845 1078 faceret.
882 1040 1001 1089 Quod
1018 1042 1058 1078 et
1081 1039 1171 1090 ipse
1186 1039 1407 1077 indicauit.
1432 1040 1547 1077 Tunc

130 1100 220 1149 ipse
243 1100 499 1148 computauit
520 1111 614 1137 cum
635 1099 761 1137 fratre
784 1099 893 1149 quod
916 1102 1054 1137 tantus
1079 1101 1166 1137 erat
1188 1098 1371 1136 redditus
1395 1101 1550 1148 quanta

131 1162 170 1197 et
203 1159 411 1208 dispensa.
459 1159 508 1197 Et
540 1159 645 1197 dixit
676 1159 814 1197 fratri:
849 1159 1003 1205 Amice,
1037 1158 1160 1197 uideo
1195 1158 1304 1208 quod
1339 1161 1453 1196 tanta
1487 1160 1550 1196 est

129 1219 238 1269 regis
254 1218 456 1268 dispensa
481 1222 664 1269 quantus
690 1222 730 1256 et
746 1217 948 1257 redditus.
987 1218 1069 1257 Sed
1085 1218 1120 1257 si
1137 1217 1370 1257 surrexerit
1384 1218 1544 1256 bellum

130 1278 215 1327 regi
238 1282 377 1316 uestro
400 1278 467 1316 uel
492 1278 648 1327 aliquid
671 1278 766 1323 tale,
789 1277 900 1315 unde
923 1277 1160 1326 procurabit
1183 1277 1335 1315 milites
1360 1289 1457 1315 suos
1482 1276 1549 1315 uel
1577 1286 1586 1299 ²

129 1338 240 1375 unde
280 1338 465 1375 inueniet
505 1338 563 1375 eis
606 1341 827 1376 nummos?
880 1337 1041 1375 Frater:
1083 1337 1233 1387 Aliquo
1272 1336 1446 1374 consilio
1487 1348 1549 1374 ac-

130 1397 354 1447 quiremus.
413 1397 488 1436 Cui
531 1397 678 1435 frater:
723 1397 864 1435 Timeo
908 1409 958 1434 ne
1002 1409 1152 1435 census
1196 1409 1312 1434 meus
1358 1396 1412 1435 sit
1452 1408 1548 1445 pars

130 1457 252 1495 huius
286 1457 461 1503 consilii,
496 1459 535 1495 et
563 1457 656 1495 ideo
685 1457 792 1502 uale,
825 1457 923 1507 quia
952 1456 1048 1494 nolo
1078 1456 1144 1494 hic
1175 1456 1352 1505 amplius
1384 1456 1548 1494 morari.

178 1547 239 1585 De
270 1546 573 1586 familiaritate
683 1516 794 1554 DiXit
833 1516 1127 1565 philosophus:
1169 1516 1259 1554 Rex
1300 1518 1364 1554 &St
1400 1516 1548 1554 Similis

310 1618 444 1655 reg1S.
625 1636 826 1681 maberis;
850 1636 884 1674 si
907 1648 957 1673 ex
976 1638 1062 1673 toto
1083 1638 1277 1681 remotus,
1298 1635 1477 1684 frigebis.
1500 1657 1550 1661 ——

132 1692 334 1730 Arabicus
372 1693 642 1742 interrogauit
680 1696 859 1742 patrem:
912 1693 955 1731 Si
994 1693 1205 1731 credidero
1243 1693 1382 1731 uerbis
1422 1693 1549 1742 philo-

129 1753 262 1802 sophi,
301 1766 515 1804 nunquam
550 1755 768 1793 familiaris
807 1767 875 1793 ero
911 1755 1006 1804 regi.
1057 1755 1131 1794 Cui
1166 1757 1302 1803 pater:
1340 1754 1428 1800 Fili,
1466 1754 1550 1803 regi

133 1812 300 1861 placere
324 1825 477 1863 magna
501 1814 734 1864 prudencia
759 1817 835 1852 est.
872 1814 1027 1852 Filius:
1052 1815 1188 1860 Pater,
1214 1814 1333 1853 erudi
1359 1826 1424 1852 me
1450 1826 1548 1864 quo-

131 1871 265 1918 modo,
305 1873 341 1910 si
378 1873 606 1922 oportuerit
640 1885 706 1911 me
743 1873 827 1922 regi
864 1873 1033 1919 seruire,
1070 1876 1117 1911 ut
1151 1873 1332 1921 prudens
1371 1876 1410 1910 et
1445 1873 1550 1911 bene
1577 1881 1596 1913 Ξ

132 1931 281 1970 doctus
296 1932 465 1970 ualeam
489 1932 670 1982 placere.
702 1933 846 1971 Pater:
871 1933 933 1970 Ad
949 1932 1194 1971 huiusmodi
1219 1932 1551 1971 instruccionem

131 1991 261 2028 multa
305 1994 445 2029 essent
486 1992 735 2038 necessaria,
792 2004 872 2042 que
913 1992 1036 2030 modo
1079 1992 1131 2029 ad
1171 1992 1414 2029 memoriam
1467 2003 1551 2029 non

132 2062 390 2097 reuocamus,
433 2054 472 2088 et
509 2051 687 2090 fortasse
727 2052 764 2089 si
800 2052 1164 2101 perscriberentur,
1206 2051 1279 2089 tibi
1317 2051 1468 2099 pusillo
1507 2051 1551 2089 in

136 2107 291 2146 tedium
318 2111 587 2147 uerterentur.
643 2109 724 2147 Sed
755 2109 805 2147 de
834 2109 974 2147 multis
1005 2121 1139 2158 pauca
1168 2112 1209 2147 et
1239 2121 1318 2158 que
1348 2109 1384 2146 si
1415 2109 1549 2148 obser-

625 1576 729 1625 igni:
762 1576 827 1613 cui
858 1576 893 1614 si
922 1576 1046 1614 nimis
1077 1575 1267 1613 admotus
1297 1575 1439 1622 fueris,
1470 1587 1550 1613 cre·
1577 1589 1587 1599 ν

1597 386 1618 420 0¹1

1579 686 1619 717 10

132 2168 304 2207 uaueris
338 2172 461 2207 erunt
493 2169 616 2208 utilia
648 2171 894 2209 referemus.
940 2171 1002 2208 Ad
1037 2182 1162 2220 quem
1195 2170 1330 2208 filius:
1366 2170 1454 2209 Etsi
1488 2183 1547 2209 ar·
1576 2178 1621 2212 35

133 2228 254 2266 rectis
281 2228 450 2266 auribus
476 2229 606 2266 multa
630 2229 763 2277 cupio,
789 2229 994 2277 promissa
1018 2232 1157 2267 tamen
1182 2229 1375 2267 audiendi
1402 2229 1550 2268 auidus

130 2287 400 2326 uehementer
434 2287 625 2337 efflagito.
672 2289 811 2326 Pater:
847 2288 925 2337 Qui
956 2289 1047 2326 uult
1078 2289 1162 2338 regi
1194 2301 1286 2327 esse
1318 2289 1548 2335 familiaris,

131 2347 254 2385 debet
278 2347 420 2385 uidere
445 2348 556 2385 omni
579 2348 675 2386 uisu
699 2348 849 2386 mentis
874 2348 996 2398 quod,
1022 2360 1117 2386 cum
1139 2348 1300 2386 uenerit
1324 2349 1376 2387 ad
1401 2361 1548 2398 regem,

131 2409 244 2445 stare
275 2407 346 2445 diu
377 2407 521 2456 possit,
556 2419 630 2445 nec
660 2419 846 2457 unquam
877 2407 1031 2454 sedeat,
1063 2407 1194 2446 donec
1226 2421 1298 2447 rex
1329 2409 1548 2458 precipiat;

133 2478 209 2505 nec
240 2467 435 2516 loquatur
465 2467 545 2504 nisi
577 2479 671 2505 cum
703 2479 806 2516 opus
836 2467 981 2513 fuerit;
1013 2479 1088 2506 nec
1120 2471 1301 2507 moretur
1332 2480 1426 2506 cum
1457 2480 1550 2517 rege
1575 2474 1622 2507 40

133 2525 213 2564 nisi
251 2526 342 2575 ipse
377 2526 606 2575 preceperit
641 2527 793 2565 morari
805 2541 814 2573 ;
852 2529 892 2565 et
927 2526 1102 2565 fideliter
1137 2527 1356 2566 consilium
1393 2530 1548 2574 taceat3
