1846 2857
183 454 205 485 0⁴!

163 748 206 780 10

163 1043 205 1076 15

159 1950 207 1982 30

161 2289 208 2323 35

807 88 1083 125 —10-

233 207 331 252 erat,
364 207 403 242 et
433 205 489 242 ait
518 205 650 242 seruis
680 204 788 242 suis:
819 205 970 242 Demus
1001 204 1095 242 huic
1125 204 1175 242 de
1205 205 1325 242 rebus
1357 204 1520 249 nostris.
1551 204 1648 254 quia

232 277 314 302 non
351 265 582 313 degenerat.

269 354 304 392 D
553 354 594 393 b.
655 319 821 406 Arabs
868 323 924 361 ait
968 323 1094 372 patri:
1138 323 1263 361 Miror
1305 335 1371 361 me
1414 323 1562 372 legisse
1606 323 1648 360 in

308 366 330 393 θ
361 366 475 452 {3333
495 366 551 392 no
582 366 610 392 1‘
746 383 998 432 temporibus
1033 383 1238 431 preteritis
1271 382 1442 429 nobiles,
1475 382 1644 429 facetos,

479 426 514 452 θ’
656 442 864 491 sapientes
898 443 1104 488 honorari,
1138 442 1259 480 modo
1291 454 1389 480 uero
1421 442 1498 479 soli
1528 453 1648 480 uene-

233 504 374 540 rantur
394 502 630 540 leccatores.
664 502 725 539 Ad
745 501 854 551 quod
874 504 1009 550 pater:
1029 502 1089 539 Ne
1107 502 1282 547 mireris,
1304 501 1374 547 fili,
1395 501 1491 550 quia
1511 501 1649 539 clerici

231 561 415 608 clericos,
450 561 636 610 generosi
669 572 902 610 generosos,
934 561 1057 599 faceti
1087 561 1244 598 facetos
1275 561 1490 605 honorant,
1522 561 1648 598 lecca-

231 623 340 658 tores
369 633 394 658 a
418 621 691 659 leccatoribus
717 623 980 658 uenerantur.
1020 620 1169 658 Filius:
1197 620 1287 658 Vidi
1314 623 1353 657 et
1380 620 1511 657 aliud:
1540 620 1649 669 quod

232 680 369 718 clerici
410 692 483 728 pro
525 679 737 728 sapiencia
778 692 854 718 sua
893 692 977 718 non
1017 682 1113 717 sunt
1152 679 1363 726 honorati;
1404 679 1511 717 vnde
1550 679 1648 717 facti

232 742 328 777 sunt
354 740 579 778 leccatores
608 742 648 777 et
673 739 724 777 ad
750 751 944 788 magnum
969 751 1120 777 uenere
1146 740 1356 777 honorem.
1396 739 1507 776 Tunc
1534 742 1650 788 pater

232 799 288 836 ait
317 799 398 836 illi:
428 799 514 836 Hoc
544 799 709 848 quidem
739 811 789 837 ex
818 799 973 837 inercia
1000 798 1196 847 temporis
1227 799 1407 847 contigit.
1448 798 1511 836 Ad
1540 798 1649 847 quod

232 858 363 895 filius:
406 858 596 896 Edissere
636 858 774 904 michi,
816 861 932 906 pater
969 858 1198 900 karissime.
1239 870 1382 896 ueram
1422 857 1647 895 nobilitatis

232 917 549 956 deffinicionom.
598 918 646 956 Et
679 920 814 966 pater:
849 918 910 964 Vt,
944 917 1100 966 inquid,
1134 917 1365 955 Aristotiles
1400 917 1440 954 in
1473 917 1650 966 epistola

232 989 308 1015 sua
340 989 463 1026 quam
495 977 730 1016 Alexandro
762 977 844 1026 regi
875 977 1108 1025 composuit
1135 977 1341 1014 meminit:
1374 976 1444 1026 qui
1473 988 1566 1014 cuni
1597 977 1647 1014 ab

234 1049 281 1074 eo
317 1040 506 1086 quereret
540 1049 662 1086 quem
697 1037 775 1074 sibi
811 1049 860 1074 ex
894 1036 1132 1074 hominibus
1166 1036 1449 1074 consiliarium
1482 1036 1648 1082 taceret,

232 1096 373 1134 taliter
413 1108 486 1145 per
525 1095 751 1145 epistolam
790 1096 1029 1145 respondit:
1068 1095 1234 1145 Accipe,
1276 1095 1348 1141 ait,
1389 1096 1529 1139 talem,
1571 1095 1644 1145 qui

231 1157 389 1204 septem
423 1155 662 1193 liberalibus
697 1155 854 1192 artibus
888 1155 941 1192 sit
973 1155 1211 1201 instructus,
1245 1154 1457 1192 industriis
1491 1157 1650 1202 septem

236 1214 440 1260 eruditus,
471 1218 634 1263 septem
666 1214 801 1252 eciam
831 1213 1114 1263 probitatibus
1145 1214 1333 1260 edoctus,
1365 1217 1405 1252 et
1435 1226 1509 1263 ego
1540 1215 1647 1252 hanc

233 1274 379 1312 estimo
411 1273 636 1322 perfectam
668 1285 758 1312 esse
791 1273 1057 1311 nobilitatem.
1102 1273 1150 1310 Et
1179 1272 1309 1311 filius:
1341 1273 1423 1310 Hec
1455 1273 1648 1311 nobilitas

233 1334 274 1370 in
309 1336 493 1382 tempore
528 1345 620 1370 meo
654 1345 739 1370 non
771 1333 981 1382 contingit,
1017 1333 1143 1370 immo
1178 1333 1266 1370 auri
1302 1335 1341 1370 et
1375 1333 1530 1381 argenti
1565 1335 1650 1370 tota

234 1395 294 1430 est
332 1405 455 1442 quam
491 1392 614 1430 uideo
653 1392 860 1438 nobilitas,
897 1396 942 1429 vt
977 1392 1034 1429 ait
1067 1392 1346 1429 uersiticator:

468 1464 709 1501 Gloriticant
753 1476 851 1513 gaze
894 1464 1077 1513 priuatos
1122 1464 1337 1502 nobilitate

469 1524 777 1573 Paupertasque
807 1523 976 1561 domum
1006 1523 1155 1572 premit
1183 1524 1309 1561 altam
1339 1523 1563 1561 nobilitate.

232 1594 494 1633 Versificator
526 1595 694 1644 quidam
725 1595 775 1633 de
807 1595 1128 1633 aduersitatibus
1160 1595 1289 1633 seculi
1320 1607 1399 1644 que
1430 1606 1552 1643 super
1584 1606 1650 1632 no-

232 1655 335 1692 biles
366 1655 539 1692 ueniunt
567 1667 715 1693 uersus
744 1655 843 1692 fecit
870 1655 972 1693 istos
1002 1655 1078 1692 sub
1107 1666 1284 1703 persona
1313 1654 1533 1691 nobilium:
1564 1653 1648 1700 Dic,

234 1714 377 1763 inquit,
413 1714 493 1751 illis
528 1714 597 1763 qui
629 1726 703 1763 pro
736 1714 1057 1752 aduersitatibus
1090 1726 1169 1763 que
1201 1713 1319 1751 nobis
1353 1713 1544 1751 accidunt
1574 1725 1649 1751 nos

233 1775 529 1822 contempnunt
563 1774 672 1822 quod
706 1774 892 1811 seculum
926 1773 1025 1810 nulli
1057 1773 1156 1810 fecit
1187 1772 1437 1810 contrarium
1471 1772 1549 1810 nisi
1582 1784 1650 1810 no-

235 1832 391 1870 bilibus
422 1835 599 1870 tantum.
644 1833 790 1870 Nonne
820 1832 941 1870 uides
972 1832 1083 1882 quod
1114 1844 1228 1869 mare
1259 1832 1431 1870 deuehit
1461 1835 1647 1870 stercora

234 1894 272 1929 et
300 1892 455 1940 paleas,
485 1894 525 1929 et
551 1891 727 1939 preciosi
755 1891 912 1939 lapides
940 1891 983 1928 in
1009 1890 1183 1928 fundum
1211 1891 1398 1928 uadunt?
1438 1891 1487 1927 Et
1513 1903 1650 1929 nonne

232 1951 348 1989 uides
376 1950 484 2000 quod
509 1951 551 1988 in
576 1951 663 1988 celo
688 1952 784 1989 sunt
807 1950 923 1988 stelle
949 1962 970 1987 e
997 1950 1146 1999 quibus
1171 1950 1378 1988 nescimus
1402 1954 1649 1988 numerum?

233 2011 285 2047 At
319 2010 488 2059 insuper
522 2010 637 2047 nulla
672 2009 837 2059 quidem
871 2009 1025 2057 patitur
1059 2009 1245 2058 eclipsim
1279 2012 1413 2058 preter
1447 2010 1577 2047 solem
1611 2013 1651 2048 et

237 2069 389 2105 lunam.
440 2068 489 2105 Et
514 2070 650 2116 pater:
677 2068 737 2104 Ex
762 2067 958 2115 temporis
986 2067 1140 2104 inercia
1165 2067 1313 2104 accidit
1339 2067 1436 2117 quia
1461 2068 1649 2105 homines

234 2129 276 2166 in
316 2129 478 2166 diuiciis
521 2130 655 2167 solum
695 2128 880 2166 iudicant
917 2128 1186 2177 gloriandum.

274 2258 304 2297 S
362 2259 382 2297 t
511 2261 554 2298 rt
657 2226 804 2313 xsnus
827 2241 876 2267 ex
894 2229 1108 2278 discipulis
1127 2229 1396 2279 interrogauit
1409 2229 1651 2279 magistrum

309 2270 360 2308 ep
385 2271 452 2297 em
484 2271 508 2297 a
557 2272 616 2298 es‘
757 2300 878 2326 suum
907 2292 945 2327 et
971 2289 1094 2326 dixit:
1122 2288 1224 2328 Cum
1250 2292 1407 2337 septem
1433 2289 1516 2326 sint
1541 2291 1648 2326 artes

236 2350 275 2385 et
296 2349 453 2395 septem
474 2348 697 2395 probitates
719 2351 759 2386 et
779 2350 937 2397 septem
958 2347 1171 2393 industrie,
1192 2348 1345 2386 uellem
1364 2350 1411 2385 ut
1429 2348 1503 2386 hec
1524 2347 1649 2385 michi

237 2406 347 2443 sicut
362 2418 406 2444 se
422 2406 580 2444 habent
603 2419 888 2445 enumerares.
919 2406 1140 2457 Magister:
1165 2407 1442 2445 Enumerabo.
1473 2407 1533 2444 He
1549 2410 1648 2445 sunt

238 2468 368 2503 artes:
416 2464 645 2510 dialectica,
682 2465 955 2513 arithmetica,
992 2466 1230 2514 geometria,
1268 2465 1439 2514 phisica,
1476 2465 1647 2512 musica,

343 2579 389 2612 ⁹24
413 2590 520 2623 super
536 2580 620 2614 nob.
639 2591 720 2615 uen.
740 2581 854 2624 inquit
881 2581 936 2615 dic
961 2580 1030 2615 illis
1056 2580 1117 2624 qui
1143 2592 1207 2625 pro
1233 2581 1314 2616 adu,
