1790 2857
166 697 210 730 10

169 1595 214 1628 [ἐξ

171 1911 216 1944 30

233 151 295 190 Ad
339 164 432 190 eum
475 165 569 202 ergo
610 153 661 191 de
700 153 959 202 philosophis
999 154 1150 192 uestris
1192 155 1354 206 aliquos
1395 156 1539 206 legate,
1580 169 1653 206 per

238 222 342 259 quos
366 210 486 248 uobis
515 211 613 260 quid
639 211 681 248 in
707 213 792 249 tota
817 211 902 249 vita
925 215 1066 249 uestra
1091 212 1145 250 sit
1167 217 1388 251 uenturum
1413 214 1651 253 declarabit.

234 271 307 309 His
347 272 405 309 ita
442 272 621 321 peractis
661 275 820 320 septem
857 273 1127 322 philosophos
1167 274 1219 311 ad
1256 286 1350 312 eum
1387 275 1510 313 misit.
1574 275 1653 325 Qui

234 334 455 381 postquam
494 344 619 381 quam
656 332 770 380 prius
808 332 1116 371 inhabitauerat
1151 333 1358 372 intrauere
1394 335 1550 381 urbem,
1588 335 1653 373 de-

235 394 388 429 sertam
421 391 531 429 illius
564 391 761 429 inuenere
792 392 1017 429 maximam
1047 395 1217 441 partem.
1262 393 1342 431 Sed
1372 394 1453 432 illis
1486 407 1653 444 queren-

236 451 344 488 tibus
385 450 619 499 hospicium
658 451 833 488 Mariani
873 451 1028 489 dictum
1066 452 1144 490 tuit
1182 452 1292 502 quod
1330 453 1419 501 ipse
1459 457 1498 491 et
1534 454 1653 492 multi

235 510 286 548 de
317 510 559 548 conciuibus
590 510 809 559 petiissent
836 511 1061 549 heremum.
1102 512 1175 549 His
1206 512 1358 550 auditis
1387 516 1656 561 perrexerunt

236 569 288 607 ad
314 582 407 607 eum
429 570 677 618 philosophi.
715 570 827 619 Quos
849 573 894 608 ut
915 571 1020 608 uidit
1043 571 1210 620 sapiens
1235 572 1311 609 ait:
1335 572 1479 610 Venite
1501 573 1652 619 uenite,

236 629 359 678 legati
387 629 491 678 regis
518 629 815 668 inobedientis!
854 630 962 668 Deus
990 631 1099 668 enim
1124 631 1160 669 ei
1186 631 1229 668 in
1254 631 1442 669 custodia
1466 632 1653 671 diuersas

238 689 434 726 naciones
469 689 662 735 subdidit,
698 701 874 739 quarum
906 702 988 728 non
1020 693 1155 728 rectus
1188 691 1447 740 gubernator,
1480 691 1553 729 sed
1584 692 1654 729 im-

236 748 348 786 mitis
387 748 531 786 extitit.
582 749 691 787 Deus
728 752 869 787 tamen
904 749 973 799 qui
1010 750 1125 787 illum
1161 753 1201 788 et
1235 750 1345 788 illius
1382 751 1569 790 subditos
1604 751 1655 790 de

239 808 383 846 eadem
409 810 447 845 et
471 820 554 846 non
576 808 626 846 de
649 808 817 847 diuersa
839 809 1012 847 materia
1035 810 1204 856 creauit,
1230 810 1318 848 eius
1343 810 1657 848 immoderatam

239 866 310 903 diu
346 877 497 914 passus
538 866 772 915 nequiciam
816 867 1069 905 multimodis
1109 867 1444 916 correpcionibus
1483 871 1528 905 ut
1565 880 1656 906 con-

239 928 469 963 uerteretur
499 926 739 963 ammonuit.
795 926 875 964 Sed
907 927 1071 964 tandem
1103 926 1270 965 omnino
1300 927 1352 965 ad
1382 928 1537 965 malum
1568 927 1656 966 eius

237 987 437 1036 pertinaci
469 987 607 1025 animo
636 987 679 1025 in
707 987 816 1025 illius
846 1000 989 1025 necem
1017 988 1362 1027 immisericordes
1393 991 1432 1027 et
1458 989 1656 1027 barbaras

238 1047 458 1085 suscitauit
488 1050 641 1096 gentes.
685 1047 734 1084 Et
762 1048 839 1085 hoc
868 1047 977 1085 dicto
1007 1048 1136 1086 tacuit
1164 1049 1330 1097 sapiens
1361 1049 1496 1086 homo.
1539 1048 1657 1098 Quod

238 1106 454 1144 audientes
494 1107 731 1155 philosophi
770 1101 1027 1145 mirabantur
1067 1110 1107 1145 et
1143 1108 1213 1157 qui
1252 1108 1423 1146 aderant
1458 1108 1655 1146 uniuersi.

239 1166 313 1203 Die
343 1178 443 1204 uero
474 1167 603 1204 tercia
630 1166 889 1216 philosophis
921 1167 1188 1216 querentibus
1218 1167 1376 1205 licitum
1407 1167 1658 1216 repatriandi

240 1226 492 1263 reuerendus
529 1226 597 1263 ille
631 1226 870 1275 prophetico
905 1226 1052 1275 spiritu
1084 1227 1209 1264 dixit:
1244 1227 1528 1273 Reuertimini,
1563 1239 1658 1277 quo-

241 1285 352 1323 niam
375 1288 561 1324 mortuus
587 1289 649 1324 est
668 1286 860 1324 dominus
883 1289 1033 1332 uester,
1057 1288 1097 1324 et
1117 1286 1219 1325 deus
1242 1286 1325 1324 iam
1346 1299 1502 1324 nouum
1523 1299 1659 1336 regem

240 1345 296 1382 ibi
337 1345 534 1394 imposuit
574 1345 644 1395 qui
685 1345 738 1384 sit
776 1348 912 1384 rectus
953 1346 1201 1395 gubernator
1240 1349 1280 1384 et
1317 1346 1428 1384 mitis
1468 1346 1658 1395 gentibus

240 1404 428 1443 subditis.
484 1405 647 1443 Auditis
692 1405 843 1443 talibus
885 1405 937 1443 de
979 1407 1137 1454 septem
1179 1405 1249 1455 qui
1289 1409 1492 1444 uenerant
1533 1406 1659 1454 philo-

240 1464 382 1513 sophis
420 1464 551 1502 tribus
590 1477 684 1502 cum
722 1465 905 1513 predicto
942 1465 1130 1514 sapiente
1167 1465 1210 1502 in
1245 1466 1412 1504 heremo
1450 1478 1658 1504 remanen-

241 1524 349 1561 tibus
394 1527 571 1573 quatuor
614 1525 955 1573 repatriauerunt.
1012 1525 1090 1574 Qui
1132 1525 1283 1571 onmia,
1326 1525 1434 1564 sicut
1474 1525 1531 1563 eis
1574 1537 1658 1574 pre-

242 1582 398 1619 dictum
426 1583 572 1629 tuerat,
602 1594 703 1620 uera
733 1586 771 1620 et
799 1583 1022 1620 constituta
1052 1583 1311 1620 inuenerunt.

322 1643 456 1681 Arabs
496 1643 605 1681 dixit
644 1643 731 1681 filio
771 1656 871 1682 suo:
912 1644 971 1682 Ne
1012 1643 1187 1682 moreris
1229 1644 1273 1681 in
1313 1644 1487 1682 ciuitate
1529 1644 1651 1694 regis,

241 1702 358 1740 cuius
393 1702 593 1751 dispensa
625 1703 758 1741 maior
790 1703 914 1741 fuerit
947 1715 1072 1752 quam
1106 1703 1301 1742 redditus.

281 1786 505 1835 Exempl.
538 1787 701 1825 XXVI:
813 1786 942 1823 ictum
958 1798 1140 1835 namque
1164 1788 1228 1824 est
1252 1785 1363 1835 quod
1388 1784 1562 1835 quidam
1586 1798 1660 1823 rex

302 1846 363 1884 De
396 1846 560 1884 duobus
591 1846 673 1884 fra·
831 1857 1001 1882 suorum
1021 1844 1230 1883 communi
1250 1857 1426 1883 assensu
1444 1856 1660 1894 procerum

299 1905 442 1943 tribus
472 1905 676 1954 rogisque
739 1902 902 1939 cuidam
922 1914 998 1940 suo
1016 1902 1224 1948 familiari,
1244 1914 1366 1951 quem
1382 1905 1504 1940 antea
1518 1914 1661 1952 cogno-

382 1964 597 2013 dispensa.
738 1965 857 1999 uerat
894 1962 937 1999 in
977 1962 1232 1999 secularibus
1274 1974 1365 2000 esse
1405 1962 1659 2010 prudentem,

243 2023 374 2060 tocius
409 2023 522 2072 regni
554 2023 739 2061 habenas
772 2023 990 2069 commisit,
1024 2022 1094 2072 qui
1125 2023 1256 2061 tocius
1288 2023 1501 2072 prouincie
1533 2023 1660 2061 reddi-

243 2085 308 2120 tus
337 2083 578 2131 susciperet,
606 2082 759 2131 placita
785 2085 988 2128 tractaret,
1015 2082 1184 2121 domum
1210 2085 1251 2120 et
1275 2083 1422 2120 domus
1449 2083 1659 2121 ministros

246 2145 284 2179 et
326 2142 545 2191 dispensas
591 2142 810 2180 ordinaret.
867 2142 964 2180 Eius
1007 2142 1133 2180 frater
1176 2142 1346 2180 alterius
1389 2142 1500 2191 regni
1543 2142 1659 2180 diues

244 2204 448 2239 mercator
472 2204 673 2240 remotam
695 2202 902 2240 incolebat
923 2202 1146 2240 ciuitatem.
1183 2201 1261 2250 Qui
1283 2204 1474 2251 percepto
1499 2213 1661 2239 rumore

245 2260 295 2298 de
334 2261 472 2299 fratris
514 2262 813 2300 sublimacione
852 2264 996 2310 parato
1035 2261 1233 2299 comitatu
1271 2264 1392 2309 prout
1428 2261 1576 2307 decuit,
1616 2263 1663 2298 ut

244 2320 414 2358 fratrem
448 2321 614 2367 uiseret,
650 2322 727 2359 iter
761 2321 924 2370 incepit.
971 2321 1177 2359 Premisso
1212 2321 1379 2359 tandem
1411 2320 1574 2365 nuncio,
1610 2332 1660 2358 ne

246 2379 407 2418 subitus
443 2383 514 2417 aut
546 2381 797 2429 improuisus
831 2380 1003 2427 ueniret,
1038 2381 1108 2430 qui
1140 2381 1191 2418 de
1223 2380 1405 2418 aduentu
1438 2391 1513 2418 suo
1544 2379 1660 2417 fratri

248 2440 428 2486 referret,
453 2440 612 2477 ciuitati
636 2441 678 2477 in
701 2453 783 2490 qua
804 2441 930 2478 frater
953 2440 1094 2478 aderat
1117 2439 1473 2489 appropinquauit.
1510 2438 1660 2477 Audito

344 2552 364 2585 2
389 2551 428 2585 in
453 2554 528 2585 tota
554 2555 658 2585 terra.
687 2571 729 2575 —
757 2553 778 2585 3
806 2551 873 2593 Qui
901 2551 1111 2595 priusquam
1139 2550 1176 2584 in
1202 2561 1273 2594 qua
1299 2549 1397 2593 prius
1422 2548 1506 2583 hab.
1524 2547 1606 2582 intr.
1625 2558 1661 2582 u.
