1790 2857
219 414 241 447 ω

199 712 241 746 10

197 1055 240 1089 15

198 1949 242 1981 311

840 60 1114 94 -23-

268 178 329 212 est
358 186 507 223 magna
536 174 785 212 dehortacio.
828 175 1041 223 Magister:
1071 175 1162 213 Non
1190 176 1315 214 debes
1345 177 1510 215 credere
1540 189 1681 216 omnes

268 233 460 271 mulieres
497 246 588 272 esse
619 234 736 280 tales,
771 235 968 283 quoniam
1000 247 1149 284 magna
1179 236 1348 274 castitas
1382 240 1504 286 atque
1536 249 1685 285 magna

269 293 431 331 bonitas
472 294 515 330 in
555 294 695 331 multis
737 294 937 342 reperitur
976 295 1229 341 mulieribus,
1272 299 1311 333 et
1348 296 1455 335 scias
1496 296 1538 333 in
1576 296 1685 334 bona

269 353 439 390 muliere
476 353 628 390 bonam
664 353 903 391 societatem
940 354 1107 402 reperiri
1142 366 1277 402 posse,
1313 355 1503 405 bonaque
1537 356 1685 394 mulier

268 412 399 450 fidelis
441 415 578 450 custos
621 416 683 450 est
722 416 760 450 et
798 413 907 451 bona
944 414 1104 451 domus.
1157 414 1354 452 Salomon
1391 414 1434 452 in
1470 415 1551 453 fine
1589 415 1682 452 libri

267 472 579 520 prouerbiorum
624 484 793 510 suorum
838 474 1070 521 composuit
1112 474 1256 522 viginti
1297 474 1401 512 duos
1445 487 1590 513 versus
1633 475 1683 513 (16

268 531 389 569 laude
428 535 551 580 atque
589 532 772 569 bonitate
810 533 994 570 mulieris
1032 534 1176 571 bonae.
1227 533 1461 582 Discipulus
1498 534 1549 571 ad
1586 535 1682 572 hec:

268 591 378 628 Bene
407 603 472 628 1116
501 591 762 629 confortasti!
806 592 885 630 Sed
915 592 1067 630 audisti
1095 596 1233 630 tamen
1262 593 1443 642 aliquam
1470 594 1685 632 mulierem

267 663 346 699 que
377 651 443 688 sui
473 662 620 689 sensus
651 651 860 700 ingenium
891 652 1088 690 niteretur
1117 653 1277 690 mittere
1307 653 1349 690 in
1378 653 1562 690 bonum?
1603 653 1682 690 Ma-

268 710 411 758 gister:
438 710 601 748 Audiui.
640 710 895 759 Discipulus:
922 712 1045 750 Refer
1068 712 1193 749 michi
1216 712 1267 749 de
1290 712 1373 758 illa,
1401 712 1498 762 quia
1519 712 1682 751 uidetur

267 770 391 807 michi
427 782 491 807 res
528 782 648 808 noua.
696 770 908 819 Magister:

304 878 528 927 Exempl.
556 878 653 916 XV:
766 877 891 915 ictum
913 877 991 915 fuit
1013 877 1136 915 michi
1159 877 1267 927 quod
1291 877 1457 927 quidam
1478 878 1686 926 Hispanus

359 937 419 975 De
453 937 601 975 decem
789 937 966 985 perrexit
1003 937 1133 983 Mech,
1173 942 1213 975 et
1247 938 1344 974 dum
1380 938 1466 975 ibat
1501 938 1690 986 peruenit

414 996 559 1034 cofris.
698 996 738 1033 in
783 997 994 1045 Egyptum.
1052 997 1129 1045 Qui
1172 997 1335 1034 deserta
1378 1001 1482 1035 terre
1538 997 1690 1035 intrare

272 1055 416 1093 uolens
447 1060 486 1093 et
511 1056 688 1093 transire
715 1056 909 1104 cogitauit
938 1056 1046 1105 quod
1073 1057 1291 1105 pecuniam
1319 1069 1437 1095 suam
1465 1057 1507 1094 in
1533 1057 1689 1106 Egypto

272 1115 504 1152 dimitteret.
562 1116 611 1152 Et
654 1118 877 1165 antequam
919 1116 1123 1154 dimittere
1164 1116 1379 1162 uoluisset,
1423 1108 1691 1165 interrogauit

272 1174 307 1212 si
351 1175 500 1224 aliquis
545 1174 677 1213 fidelis
721 1175 844 1213 homo
888 1178 997 1214 esset
1039 1176 1081 1213 in
1122 1176 1192 1213 illa
1236 1176 1399 1225 regione
1440 1176 1507 1213 cui
1549 1179 1691 1224 posset

268 1235 485 1282 pecu-niam
525 1246 645 1272 suam
684 1235 950 1273 committere.
1003 1235 1052 1272 Et
1090 1235 1357 1273 ostenderunt
1396 1235 1432 1273 ei
1470 1236 1686 1285 antiquum

268 1294 477 1331 hominem
507 1295 764 1332 nominatum
792 1295 996 1343 probitate
1025 1295 1246 1333 fidelitatis.
1290 1294 1363 1332 Cui
1391 1295 1441 1333 de
1471 1307 1546 1333 suo
1574 1295 1686 1332 mille

268 1354 421 1391 talenta
452 1354 669 1391 commisit.
712 1354 866 1392 Deinde
894 1355 1074 1403 perrexit
1099 1355 1291 1404 factoque
1319 1355 1462 1392 itinere
1491 1354 1542 1392 ad
1570 1354 1686 1392 11111111

268 1413 387 1450 rediit
423 1414 488 1451 cui
524 1414 743 1462 pecuniam
779 1414 997 1460 commisit,
1035 1418 1075 1452 et
1109 1414 1218 1464 quod
1252 1414 1517 1452 commiserat
1550 1415 1601 1452 ab
1638 1426 1685 1452 eo

270 1473 469 1521 quesiuit.
520 1474 572 1510 At
608 1473 679 1511 ille
718 1473 867 1522 plenus
906 1474 1103 1522 nequicia
1142 1474 1262 1511 illum
1300 1486 1519 1523 nunquam
1557 1476 1682 1511 antea

268 1544 312 1570 se
337 1532 495 1570 uidisse
518 1532 692 1570 dicebat.
732 1533 802 1570 Ille
825 1544 926 1571 uero
951 1533 1009 1571 sic
1034 1533 1230 1580 deceptus
1256 1532 1434 1581 perrexit
1459 1532 1509 1570 ad
1534 1532 1683 1581 probos

267 1592 455 1629 homines
487 1592 665 1640 regionis
694 1592 817 1639 illius,
848 1596 887 1630 et
915 1592 1121 1641 quomodo
1148 1592 1413 1630 tractauisset
1441 1604 1533 1630 eum
1562 1592 1685 1629 homo

269 1651 337 1689 ille
366 1652 430 1689 cui
459 1652 678 1700 pecuniam
707 1652 981 1698 commiserat,
1012 1652 1070 1689 eis
1100 1652 1247 1689 retulit.
1288 1652 1420 1689 Vicini
1447 1663 1546 1689 uero
1574 1651 1684 1689 1111115

268 1711 318 1748 (16
361 1723 408 1748 60
450 1711 549 1748 talia
591 1711 806 1749 audientes
848 1711 1013 1749 credere
1053 1712 1286 1757 noluerunt,
1329 1711 1401 1749 sed
1442 1711 1568 1748 nichil
1607 1711 1684 1748 hoc

271 1782 362 1808 esse
405 1770 608 1808 dixerunt.
666 1771 746 1808 Sed
790 1771 858 1820 qui
902 1770 1119 1819 pecuniam
1162 1770 1395 1819 perdiderat
1434 1782 1685 1819 unaquaque

268 1830 335 1867 die
373 1830 424 1867 ad
461 1830 628 1867 domum
665 1830 777 1867 illius
815 1830 883 1879 qui
922 1830 1125 1868 retinebat
1159 1830 1311 1868 iniuste
1347 1829 1566 1878 pecuniam
1601 1829 1688 1867 ibat

269 1890 515 1939 blandisque
537 1890 727 1938 precibus
751 1901 843 1927 eum
864 1890 1161 1938 deprecabatur
1181 1892 1226 1927 ut
1246 1889 1465 1938 pecuniam
1487 1889 1684 1926 redderet.

272 1949 387 1997 Quod
422 1949 616 1998 deceptor
650 1949 822 1987 audiens
857 1949 1088 1997 increpauit
1121 1961 1215 1987 eum
1248 1949 1389 1986 dicens
1424 1961 1474 1986 116
1509 1948 1686 1997 amplius

272 2009 351 2046 tale
379 2009 477 2057 quid
502 2008 552 2046 de
579 2021 626 2046 eo
653 2009 805 2046 diceret
828 2009 894 2046 uel
923 2009 972 2045 ad
1000 2020 1093 2045 eum
1117 2008 1297 2054 ueniret;
1325 2008 1434 2057 quod
1459 2008 1494 2045 si
1519 2009 1684 2049 faceret.

271 2080 398 2116 penas
445 2081 495 2106 ex
539 2068 685 2106 merito
730 2068 896 2106 subiret.
951 2068 1114 2105 Auditis
1159 2068 1282 2105 minis
1326 2068 1436 2105 illius
1481 2068 1550 2117 qui
1594 2079 1688 2105 eum

272 2128 487 2176 deceperat
518 2128 648 2165 tristis
679 2128 787 2176 cepit
816 2128 958 2166 redire.
1003 2128 1051 2165 Et
1081 2127 1123 2165 in
1153 2127 1362 2165 redeundo
1394 2126 1580 2165 obuiauit
1607 2127 1687 2165 cui-

270 2187 365 2224 dam
393 2188 532 2225 uetule
558 2187 707 2236 pannis
735 2187 1046 2225 heremitalibus
1073 2187 1225 2225 indute.
1265 2187 1348 2224 Hec
1377 2190 1514 2224 autem
1542 2186 1687 2224 baculo

205 2265 219 2279 2
272 2259 346 2283 suo
374 2246 540 2295 fragiles
569 2250 681 2285 artus
709 2247 970 2285 sustentabat
996 2250 1035 2284 et
1060 2259 1132 2295 per
1157 2247 1270 2284 uiam
1297 2246 1453 2295 lapides
1480 2245 1686 2283 laudando

271 2306 393 2343 deum
430 2319 480 2343 ne
513 2307 824 2344 transeuncium
857 2319 930 2355 pes
964 2306 1167 2344 lederetur
1199 2307 1373 2344 locabat.
1421 2305 1508 2354 Que
1541 2304 1686 2342 uidens

273 2365 481 2403 hominem
510 2366 675 2404 flentem
702 2389 752 2392 —
779 2366 970 2415 cognouit
996 2366 1105 2403 enim
1132 2378 1225 2403 eum
1253 2378 1344 2404 esse
1371 2370 1611 2403 extraneum
1638 2386 1687 2389 —

273 2428 477 2462 commota
517 2426 669 2473 pietate
710 2426 752 2463 in
793 2426 1051 2474 angiportum
1089 2425 1258 2463 uocauit
1298 2428 1337 2463 et
1373 2424 1471 2474 quid
1511 2423 1547 2461 ei
1586 2423 1686 2461 acci-

273 2484 401 2522 disset
438 2484 716 2533 interrogauit.
768 2486 819 2522 At
856 2485 923 2523 ille
961 2485 1102 2523 ordine
1139 2485 1334 2522 narrauit.
1383 2483 1552 2521 Femina
1587 2493 1686 2521 uero

200 2546 247 2578 40
275 2544 423 2581 auditis
462 2544 601 2582 uerbis
639 2544 749 2582 illius
787 2545 966 2582 hominis
1003 2544 1157 2594 inquit:
1194 2544 1347 2589 Amice,
1385 2543 1421 2581 si
1456 2555 1555 2580 uera
1592 2545 1689 2580 sunt
