1790 2857
834 32 1109 68 —24—

344 149 601 200 Discipulus:
634 149 747 188 Istud
777 149 928 188 mirum
958 149 1037 187 fuit
1066 149 1275 199 ingenium
1306 153 1429 200 atque
1459 150 1571 196 utile,
1603 161 1680 189 nec

260 213 360 259 puto
392 209 502 260 quod
533 209 683 259 aliquis
714 209 986 258 philosophus
1018 209 1210 248 subtilius
1241 210 1438 258 cogitaret
1466 222 1539 259 per
1569 210 1679 259 quod

260 269 394 308 leuius
439 270 505 307 uir
547 269 767 318 pecuniam
811 281 931 307 suam
973 271 1243 317 recuperaret.
1299 269 1512 318 Magister:
1567 269 1681 308 Bene

259 331 401 379 posset
428 329 700 378 philosophus
729 340 805 367 suo
831 328 969 366 facere
997 328 1174 366 naturali
1201 329 1364 378 ingenio
1393 332 1433 367 et
1460 328 1678 376 artificiali,

213 394 234 428 5
260 391 420 427 secreta
455 388 586 426 eciam
621 391 766 426 nature
800 388 1000 434 rimando,
1036 387 1146 438 quod
1178 388 1327 426 mulier
1359 389 1448 427 solo
1480 389 1579 426 fecit
1610 401 1678 427 na-

263 447 389 486 turali
415 447 597 498 ingenio.
635 447 898 496 Discipulos:
924 448 1011 485 Hoc
1035 448 1141 486 bene
1167 448 1304 486 credo.
1344 448 1425 486 Sed
1450 448 1487 486 si
1513 448 1674 498 aliquid

258 507 600 556 philosophorum
641 506 879 545 huiusmodi
921 506 1142 555 reposuisti
1183 506 1226 544 in
1266 506 1401 545 cordis
1443 507 1678 554 armariolo,

258 567 406 616 largire
434 566 560 604 michi
588 566 804 615 discipulo,
834 568 874 604 et
901 578 974 615 ego
1001 565 1112 604 fideli
1140 566 1337 604 memorie
1365 567 1676 614 commendabo,

258 629 303 664 ut
347 626 596 676 quandoque
651 625 947 675 condiscipulis
1002 626 1108 664 lacte
1150 626 1437 674 philosophico
1492 626 1678 664 educatis

190 694 233 728 10
257 685 601 725 delicatissimum
638 685 776 734 largiri
812 686 969 734 possim
1008 685 1260 723 alimentum.
1309 685 1523 734 Magister:

279 776 502 825 Exempl·
527 775 650 815 XVI:
701 740 897 829 Contigit
917 745 1025 842 qqod
1045 745 1213 842 quidam
1230 745 1354 783 homo
1371 745 1517 842 habkiliilt
1530 745 1677 843 filiutm,

776 817 842 843 cui
910 817 954 843 os
1010 817 1099 843 mor
1121 817 1184 843 em
1223 817 1342 844 suam
1379 817 1443 843 nic
1477 818 1489 842 1
1554 817 1613 843 ire
1634 818 1678 844 er

351 835 412 874 De
445 835 608 902 qecem.
681 864 850 902 domum
879 817 1054 902 ldimisit.
1104 865 1186 902 Iste
1222 877 1316 903 cum
1350 877 1500 914 magno
1535 817 1679 903 iabore

315 894 495 933 tonelhs
527 894 623 933 Olel'
683 924 843 973 corpori
879 936 954 962 suo
987 925 1060 962 uix
1095 924 1225 962 eciam
1259 936 1338 974 que
1372 927 1519 963 natura
1552 924 1678 973 exigit

189 993 230 1026 15
258 982 559 1032 suppeditabat,
598 986 637 1022 et
670 986 809 1022 tamen
842 983 1012 1022 domum
1046 996 1164 1023 suam
1197 985 1294 1023 licet
1325 997 1475 1034 magna
1508 988 1678 1023 coactus

257 1042 395 1080 inedia
424 1042 604 1081 uendere
633 1043 810 1081 nolebat.
852 1043 1040 1082 Habebat
1068 1047 1205 1082 autem
1233 1056 1335 1093 puer
1363 1045 1441 1082 iste
1470 1044 1679 1094 quendam

256 1102 441 1140 uicinum
476 1102 599 1140 ualde
634 1103 818 1149 diuitem,
856 1103 925 1153 qui
959 1103 1128 1141 domum
1162 1104 1278 1153 pueri
1315 1116 1449 1142 emere
1484 1104 1677 1153 cupiebat

255 1164 300 1199 ut
324 1174 443 1200 suam
466 1162 685 1212 largiorem
706 1163 871 1201 taceret.
908 1163 1014 1201 Puer
1036 1166 1173 1201 autem
1198 1176 1271 1201 nec
1296 1176 1416 1213 prece
1439 1175 1513 1202 nec
1538 1164 1679 1212 precio

255 1221 436 1264 uendere
458 1222 637 1260 uolebat.
676 1221 792 1271 Quod
815 1225 1035 1272 postquam
1057 1223 1175 1261 diues
1197 1224 1266 1261 ille
1289 1223 1499 1272 comperit,
1525 1223 1676 1273 quibus

184 1290 229 1323 <20
255 1281 430 1330 ingeniis
467 1284 507 1320 et
540 1282 690 1331 quibus
725 1282 882 1320 artibus
915 1294 1043 1331 puero
1077 1283 1338 1321 subtraheret
1368 1283 1538 1321 domum
1570 1283 1674 1332 cogi-

254 1341 368 1378 tauit.
410 1341 464 1379 At
489 1341 653 1379 iuuenis
682 1342 909 1381 secundum
935 1354 1059 1391 posse
1086 1354 1207 1381 suum
1233 1342 1558 1381 familiaritatem
1586 1342 1677 1381 eius

254 1400 467 1438 deuitauit.
517 1401 702 1451 Denique
737 1402 1005 1440 contristatus
1039 1402 1157 1440 diues
1190 1402 1260 1440 ille
1293 1415 1421 1440 causa
1452 1402 1600 1441 domus
1636 1406 1678 1441 et

255 1460 364 1510 quod
404 1472 487 1499 non
523 1465 666 1510 posset
702 1473 876 1510 puerum
911 1461 1113 1511 decipere,
1153 1462 1332 1512 quadam
1368 1463 1435 1500 die
1471 1462 1586 1500 uenit
1623 1462 1675 1500 ad

254 1531 427 1569 puerum
467 1523 507 1558 et
543 1521 678 1570 inquit
716 1521 774 1559 ei:
814 1521 845 1560 O
883 1533 996 1570 puer,
1035 1522 1303 1560 accommoda
1339 1522 1464 1559 michi
1501 1534 1676 1571 paruam

182 1588 227 1622 25
254 1583 323 1617 tue
357 1583 517 1628 partem
552 1581 664 1618 curie
699 1581 849 1629 precio,
886 1581 1083 1631 quoniam
1117 1582 1161 1619 in
1195 1594 1243 1619 ea
1277 1582 1353 1620 sub
1389 1585 1497 1620 terra
1530 1581 1674 1619 decem

259 1638 434 1676 tonellos
467 1649 563 1675 cum
599 1638 689 1676 oleo
725 1639 932 1677 custodire
965 1639 1075 1685 uolo,
1113 1643 1152 1677 et
1186 1639 1311 1677 nichil
1346 1639 1418 1677 tibi
1453 1640 1673 1685 nocebunt,

258 1701 298 1736 et
321 1698 499 1737 habebis
525 1698 622 1737 inde
648 1699 820 1750 aliquod
846 1702 1231 1738 sustentamentum
1257 1700 1357 1739 uite.
1395 1701 1503 1738 Puer
1529 1704 1672 1738 autem

253 1761 420 1796 coactus
464 1758 711 1797 necessitate
753 1759 959 1797 concessit
1000 1762 1040 1797 et
1078 1759 1191 1797 dedit
1230 1759 1289 1796 illi
1329 1760 1468 1797 claues
1509 1759 1670 1797 domus.

253 1816 420 1855 quenis
449 1829 550 1856 uero
578 1818 743 1856 interim
771 1830 884 1857 more
914 1818 1036 1857 solito
1063 1819 1203 1857 liberis
1232 1819 1456 1856 liberaliter
1484 1819 1674 1858 seruiens

182 1882 227 1915 30
252 1877 408 1915 uictum
433 1877 691 1927 perquisiuit.
729 1878 782 1915 At
804 1878 922 1916 diues
948 1878 1071 1916 homo
1096 1878 1275 1926 acceptis
1301 1878 1488 1916 clauibus
1514 1879 1673 1916 curiam

253 1937 416 1975 iuuenis
454 1937 678 1976 suffodiens
715 1937 896 1987 quinque
930 1938 1105 1976 tonellos
1139 1938 1283 1987 plenos
1319 1938 1408 1976 oleo
1443 1938 1499 1976 ibi
1534 1950 1671 1976 recon-

251 1996 354 2033 didit
397 1999 436 2034 et
471 1997 659 2047 *quinque
699 1996 904 2035 dimidios.
958 1997 1008 2035 Et
1046 1997 1124 2035 hoc
1162 1998 1273 2035 facto
1314 1998 1508 2035 iuuenem
1548 1998 1670 2036 aduo-

252 2056 362 2093 cauit
396 2056 620 2106 clauesque
651 2056 800 2095 domus
833 2057 892 2094 illi
924 2057 1110 2095 tribuens
1144 2057 1221 2095 ait:
1257 2057 1288 2095 Ο
1322 2057 1498 2104 iuuenis,
1533 2058 1672 2096 oleum

255 2127 396 2153 meum
424 2115 499 2153 tibi
528 2115 744 2153 committo
773 2119 899 2165 atque
926 2115 970 2153 in
998 2119 1071 2154 tua
1098 2116 1293 2155 custodia
1321 2117 1454 2155 trado.
1494 2117 1670 2155 quenis

180 2179 226 2213 35
254 2172 435 2221 simplex
476 2176 627 2221 putans
673 2184 815 2211 omnes
857 2173 1034 2211 tonellos
1078 2185 1169 2211 esse
1209 2173 1355 2222 plenos
1397 2174 1439 2211 in
1482 2174 1672 2212 custodia

251 2234 415 2282 recepit.
472 2234 525 2272 At
566 2238 660 2283 post
700 2235 869 2284 longum
910 2237 1072 2284 tempus
1116 2235 1286 2284 contigit
1327 2235 1436 2285 quod
1478 2235 1520 2273 in
1561 2238 1672 2273 terra

250 2292 322 2330 illa
365 2293 500 2331 oleum
543 2305 685 2332 carum
726 2294 815 2332 fuit.
870 2294 994 2332 Diues
1037 2294 1115 2333 hoc
1155 2294 1302 2333 uidens
1344 2306 1472 2343 puero
1513 2294 1668 2347 inquit:

253 2351 284 2390 Ο
324 2352 467 2398 amice,
504 2353 601 2391 ueni
639 2356 679 2391 et
713 2354 813 2392 iuua
848 2366 914 2392 me
950 2354 1086 2392 oleum
1124 2354 1299 2392 effodere
1336 2354 1445 2404 quod
1479 2356 1549 2391 tue
1584 2353 1668 2391 iam

249 2411 406 2449 dudum
442 2412 640 2450 mandaui
676 2413 874 2459 custodie,
913 2416 954 2451 et
986 2414 1140 2452 laboris
1175 2414 1378 2463 premium
1414 2413 1590 2461 accipies
1628 2416 1670 2451 et

179 2479 226 2513 40
249 2471 387 2509 tutele.
440 2471 606 2510 quenis
647 2472 789 2510 audita
825 2484 947 2522 prece
984 2485 1078 2511 cum
1116 2473 1254 2521 precio
1290 2472 1408 2511 diuiti
1446 2472 1667 2519 concessit,

252 2534 298 2568 ut
331 2531 565 2569 secundum
600 2543 725 2580 posse
761 2544 885 2570 suum
921 2545 1017 2571 eum
1052 2532 1233 2571 iuuaret.
1281 2532 1409 2571 Diues
1445 2544 1547 2570 uero
1582 2544 1668 2570 non
