1790 2857
776 35 937 70 —44
1000 57 1048 59 „-

205 151 464 190 intuerentur
504 153 543 189 et
583 150 803 188 illuderent
844 149 1039 199 quoniam
1081 149 1293 198 pediculos
1335 149 1621 196 suffocantem,

202 215 401 262 ceperunt
436 214 623 250 auertere
658 211 867 249 radiorum
901 211 1001 249 solis
1036 211 1313 249 amenitatem.
1361 210 1518 260 Quibus
1552 210 1623 248 ille

204 271 368 320 placido
395 271 515 308 uultu
545 270 622 307 ait:
654 269 771 318 Quod
799 269 925 306 michi
956 280 1039 306 non
1068 268 1186 314 datis,
1218 268 1379 306 auferre
1407 268 1509 306 mihi
1537 279 1621 306 non

201 332 463 381 presumatis.
501 331 670 369 Talibus
696 330 788 368 irati
814 343 907 368 eum
930 330 981 368 de
1005 331 1090 368 lare
1116 341 1197 379 quo
1221 329 1393 378 degebat
1417 329 1623 378 expellere

153 400 175 432 5
201 392 424 430 uoluerunt
456 393 496 429 et
525 391 568 428 in
597 390 721 428 deuia
752 390 967 436 abducere,
999 402 1050 427 ne
1079 389 1351 438 pretereuntis
1384 389 1524 427 oculos
1553 388 1621 426 do-

201 451 303 488 mini
326 454 412 488 tam
432 450 529 488 uilis
551 462 731 499 persona
753 449 986 488 offenderet.
1023 449 1140 498 Quod
1163 460 1247 486 non
1267 449 1453 486 ualentes
1475 448 1620 486 minati

203 513 299 549 sunt
329 510 366 548 ei
392 510 599 548 dicentes:
626 509 739 547 Vade
767 522 818 547 ne
845 509 943 559 quid
972 509 1069 546 mali
1099 521 1149 546 ex
1176 507 1456 556 proteruitatis
1484 507 1623 546 studio

200 570 275 608 tibi
312 570 534 619 contingat,
572 569 670 619 quia
704 581 777 607 rex
811 571 950 607 noster
985 571 1025 606 et
1057 568 1250 606 dominus
1286 579 1379 605 cum
1412 567 1620 606 familiari-

200 630 278 668 bus
324 630 410 668 suis
456 631 495 667 et
536 629 783 678 primatibus
827 631 890 666 est
932 628 1008 665 hac
1050 630 1166 676 parte
1209 627 1469 665 transiturus.
1524 627 1622 665 Illos

131 693 176 726 10
202 692 341 727 autem
370 689 412 726 in
440 701 485 727 se
512 689 711 726 latrantes
739 688 1010 737 philosophus
1039 687 1225 725 intuens:
1254 686 1346 724 Non
1374 689 1446 732 est,
1475 686 1622 736 inquit,

200 751 340 787 uester
376 748 570 786 dominus
608 760 724 786 meus
762 747 968 793 dominus,
1007 746 1079 785 sed
1115 746 1259 795 pocius
1295 746 1375 784 mei
1414 748 1476 783 est
1511 746 1622 783 serui

205 817 364 845 seruus.
405 806 522 855 Quod
550 806 763 844 audientes
791 808 830 843 et
855 804 1064 843 nouercali
1089 805 1207 842 uultu
1233 816 1327 842 eum
1352 803 1623 852 respicientes

201 868 370 918 quidam
404 880 498 906 eum
529 867 772 905 detruncare
803 869 1118 915 proposuerunt,
1149 866 1286 904 minus
1316 877 1416 903 uero
1446 864 1622 913 improbi

200 928 332 966 donec
373 927 478 976 regis
519 927 774 965 sentenciam
815 926 1016 972 audirent,
1054 937 1222 974 parcere
1261 925 1297 962 ei
1336 925 1622 962 decreuerunt.

132 993 174 1026 15
202 987 306 1025 Dum
342 999 444 1025 uero
481 987 523 1024 in
559 987 667 1024 hunc
702 986 871 1024 modum
905 986 1175 1031 decertarent,
1212 997 1284 1023 rex
1320 984 1546 1022 adueniens
1583 987 1625 1021 et

202 1059 282 1096 que
323 1059 453 1084 causa
493 1046 611 1095 litigii
651 1046 758 1084 foret
796 1045 1039 1094 perquirens
1081 1057 1159 1094 que
1200 1048 1314 1094 gesta
1353 1044 1518 1082 fuerant
1554 1044 1621 1081 uel

201 1106 310 1144 dicta
341 1106 509 1144 famulis
542 1106 815 1143 referentibus
846 1105 1049 1154 cognouit.
1092 1105 1242 1142 Volens
1272 1104 1411 1153 itaque
1442 1115 1513 1141 rex
1543 1115 1625 1152 que

202 1166 280 1204 sibi
311 1167 441 1203 relata
470 1168 587 1203 erant
613 1165 749 1214 turpia
773 1177 928 1202 uerane
956 1177 1009 1202 an
1035 1164 1132 1202 ficta
1157 1163 1335 1202 tuissent
1361 1174 1621 1212 cognoscere,

202 1226 253 1263 ad
288 1226 582 1274 philosophum
614 1225 853 1274 properauit
887 1228 926 1262 et
958 1224 1171 1273 inquirens
1205 1223 1302 1272 quid
1334 1223 1385 1261 de
1418 1234 1462 1260 se
1494 1222 1621 1271 philo-

130 1293 175 1325 ΩΟ
201 1285 357 1334 sophus
391 1285 555 1331 dixerit,
591 1285 699 1323 sicut
732 1284 844 1333 prius
878 1284 1047 1322 famulis
1082 1284 1140 1321 ita
1174 1294 1282 1321 nunc
1316 1282 1395 1320 sibi
1430 1294 1523 1320 eum
1556 1281 1621 1319 sui

202 1344 313 1383 serui
346 1357 513 1383 seruum
545 1357 636 1382 esse
668 1344 856 1383 asseruit.
902 1344 1084 1393 Quorum
1115 1342 1371 1381 sentenciam
1401 1342 1622 1380 uerborum

202 1417 275 1442 rex
312 1404 489 1453 benigno
527 1404 654 1442 affatu
689 1404 906 1453 diligenter
942 1403 1109 1441 enodari
1147 1402 1225 1440 sibi
1260 1401 1499 1451 postulauit.
1559 1400 1621 1438 Ad

205 1475 327 1512 quem
364 1462 635 1510 philosophus
674 1464 842 1499 seruata
874 1461 1016 1499 uultus
1052 1460 1249 1509 dignitate
1285 1459 1432 1497 leniter
1465 1458 1621 1508 inquit:

200 1523 400 1561 Voluntas
446 1524 612 1572 quidem
657 1523 844 1561 subiecta
887 1526 950 1560 est
991 1525 1031 1560 et
1073 1522 1202 1559 seruit
1243 1521 1380 1567 michi,
1424 1532 1507 1558 non
1549 1531 1624 1568 ego

130 1582 174 1616 25
204 1581 295 1619 sibi.
351 1582 411 1618 Tu
445 1594 466 1619 e
499 1593 702 1619 conuerso
735 1581 945 1619 subiectus
979 1593 1022 1618 es
1054 1579 1259 1617 uoluntati
1293 1582 1333 1617 et
1363 1578 1441 1616 sibi
1475 1577 1622 1624 seruis,

202 1655 285 1679 non
323 1642 418 1691 ipsa
457 1642 547 1680 tibi.
599 1643 746 1691 Itaque
785 1654 936 1680 seruus
975 1654 1019 1679 es
1059 1641 1151 1679 eius
1192 1640 1264 1689 qui
1302 1640 1429 1677 michi
1469 1639 1613 1677 seruit.

203 1700 316 1738 Tunc
353 1712 425 1737 rex
460 1699 598 1737 defixo
635 1700 849 1747 paululum
884 1699 979 1736 uisu
1016 1698 1075 1735 sic
1111 1697 1221 1746 cepit
1254 1697 1388 1746 loqui:
1426 1696 1476 1734 Vt
1510 1698 1624 1745 patet

205 1761 248 1798 in
281 1760 424 1799 uerbis
460 1759 557 1806 tuis,
592 1760 722 1798 nichil
756 1773 847 1797 mee
882 1759 1123 1809 potenciam
1156 1758 1284 1807 glorie
1319 1757 1494 1796 uereris.
1542 1757 1619 1795 Cui

200 1820 473 1869 philosophus
511 1820 554 1856 in
591 1821 809 1868 angustam
845 1831 919 1856 sue
954 1818 1104 1855 mentis
1141 1817 1281 1854 sedem
1317 1819 1505 1864 receptus
1542 1815 1620 1853 ait:

130 1881 176 1914 30
202 1879 291 1918 Scis
332 1879 422 1928 ipse
462 1879 636 1916 nimium
674 1878 749 1916 tibi
789 1877 1063 1916 ambicionem
1102 1876 1339 1914 mortalium
1380 1887 1515 1914 rerum
1553 1875 1619 1912 do-

201 1939 402 1976 minatam
438 1938 571 1977 fuisse
608 1943 648 1976 et
683 1937 899 1975 materiam
937 1936 1123 1986 gerendis
1161 1937 1283 1974 rebus
1320 1938 1359 1973 te
1396 1934 1621 1979 obtauisse,

202 2011 284 2048 quo
324 2011 375 2036 ne
414 1998 551 2036 uirtus
591 2000 665 2035 tua
702 1999 749 2035 ut
786 1997 877 2046 ipse
917 1996 1065 2034 tatoris
1105 1997 1427 2033 consenesceret
1466 1994 1617 2040 tacita,-

202 2057 274 2095 sed
321 2058 370 2095 ob
417 2057 653 2106 cupidinem
698 2056 825 2106 glorie
869 2055 975 2094 sicut
1019 2055 1076 2093 rei
1120 2054 1336 2092 sinceritas
1382 2057 1444 2092 est
1485 2053 1619 2091 fecisti

203 2117 480 2165 adipiscende.
534 2116 621 2165 Que
661 2115 791 2165 gloria
829 2127 954 2165 quam
992 2115 1044 2153 sit
1083 2114 1201 2152 exilis
1241 2116 1280 2151 et
1318 2113 1449 2151 tocius
1486 2124 1622 2150 uacua

130 2186 175 2220 35
201 2177 409 2225 ponderis,
450 2176 509 2214 sic
547 2176 786 2214 considera:
824 2175 908 2212 Tue
945 2174 1136 2223 preterite
1174 2173 1299 2222 glorie
1335 2172 1526 2221 potencia
1562 2174 1620 2209 ut-

204 2239 300 2284 pote
318 2248 397 2285 que
424 2235 509 2273 iam
526 2235 642 2272 nulla
659 2237 734 2280 est,
763 2235 990 2272 metuenda
1006 2246 1089 2271 non
1105 2236 1190 2279 est;
1217 2233 1290 2271 sed
1306 2244 1443 2281 neque
1459 2231 1617 2277 futura,

203 2294 319 2332 cuius
356 2296 529 2332 euentus
562 2293 802 2331 dubitabilis
837 2296 899 2330 est
931 2295 970 2330 et
1001 2293 1204 2338 incertus,
1236 2291 1287 2329 de
1319 2290 1497 2339 presenti
1529 2301 1619 2327 con-

203 2356 284 2392 stat
324 2354 421 2403 quia
460 2354 517 2391 ita
554 2366 686 2402 parua
724 2356 787 2391 est
824 2352 932 2402 quod
970 2354 1263 2390 momentanea
1301 2350 1419 2399 quasi
1458 2349 1499 2386 in
1537 2349 1619 2386 ictu

203 2413 311 2451 oculi
348 2413 401 2451 sit
438 2413 712 2450 annullanda:
751 2413 801 2450 ob
838 2413 914 2449 hoc
952 2423 1046 2460 ergo
1082 2411 1124 2448 in
1160 2410 1273 2448 nulla
1307 2412 1422 2458 parte
1458 2407 1521 2446 sui
1558 2411 1620 2446 est

130 2477 176 2510 40
201 2472 476 2511 formidanda.
521 2494 571 2498 ——
615 2472 822 2520 Perceptis
868 2471 1045 2520 denique
1087 2469 1323 2519 philosophi
1366 2468 1504 2506 uerbis
1548 2479 1618 2505 rex

297 2540 341 2573 22
368 2539 524 2582 benigno
552 2540 691 2573 affectu.
723 2560 759 2564 —-
792 2541 835 2573 32
863 2539 958 2582 quod
985 2550 1040 2573 ne.
