1846 2857
793 73 1079 110 -Ἦ-

369 185 575 229 accipiendo
594 189 628 220 et
646 186 832 230 probando
851 187 908 221 35.
930 206 969 212 —
993 187 1223 232 Exemplum
1241 189 1396 226 XXIV:
1417 190 1472 226 De
1490 191 1648 227 latrone

371 244 411 278 et
436 245 550 280 radio
577 244 696 280 lunae
723 246 778 280 35.
822 265 861 270 ——
902 246 953 280 De
979 246 1168 281 benefacto
1195 249 1252 282 37.
1286 268 1327 273 —-
1366 250 1416 284 De
1442 260 1525 293 rege
1551 251 1647 285 bono

370 307 404 337 et
442 305 537 338 malo
577 306 634 339 37.
676 324 722 329 —
762 305 993 350 Exemplum
1030 306 1168 343 XXV:
1212 308 1267 342 De
1300 308 1480 344 Mariano
1507 311 1563 344 37.
1604 330 1645 334 —

370 362 601 407 Exemplum
627 364 786 400 XXVI:
826 365 881 399 De
922 365 1075 400 (luobus
1113 365 1312 402 fratribus
1350 368 1535 412 regisque
1572 369 1648 403 dis-

372 431 492 465 pensa
518 423 573 457 38.
613 443 659 447 —
698 424 748 457 De
774 424 1019 459 familiaritate
1045 424 1138 468 regis
1164 425 1221 459 39.
1251 445 1290 450 -
1320 426 1370 460 De
1396 428 1504 461 modo
1531 439 1649 462 come-

369 482 476 516 dendi
502 484 558 516 40.
587 503 628 506 ——
658 483 885 527 Exemplum
911 483 1092 520 XXVII:
1119 485 1174 519 De
1200 485 1425 520 Maimundo
1451 495 1565 522 servo
1591 487 1648 521 41.

373 562 412 566 ——
443 542 494 576 De
519 542 757 577 saecularium
783 543 1014 577 instabilitate
1040 544 1096 577 43.
1124 563 1168 567 —-
1195 544 1426 588 Exemplum
1444 545 1648 581 XXVIII:

370 600 425 635 De
461 600 626 636 Socrate
663 602 724 646 (z
745 602 934 646 Diogene)
970 604 1010 637 et
1047 612 1143 646 rege
1178 604 1234 638 43.
1279 623 1322 627 —
1365 604 1416 638 De
1451 605 1546 638 vitae
1580 607 1648 638 ter-

372 659 470 694 mino
496 662 553 695 45.
589 680 633 684 —
669 662 899 706 Exemplum
923 663 1087 696 XXIX:
1126 663 1181 697 De
1206 663 1398 707 prudenti
1424 663 1650 699 consiliarii

371 719 481 762 regis
499 720 584 755 filio
604 722 660 756 45.
691 742 733 745 —-
759 721 991 766 Exemplum
1010 722 1154 756 XXX:
1182 722 1237 757 De
1264 723 1422 758 latrone
1441 722 1508 767 qui
1527 722 1650 758 nimia

371 778 524 822 eligere
550 780 705 815 studuit
732 782 788 816 47.
814 802 860 805 —
886 781 1117 825 Exemplum
1143 782 1305 816 XXXI:
1333 782 1389 816 De
1416 781 1591 826 opilione
1610 783 1650 816 et

371 847 563 882 mangone
589 840 646 874 47.
675 862 718 866 —
745 842 797 874 De
823 844 938 875 morte
963 841 1019 875 48.
1049 862 1092 866 —
1120 841 1350 885 Exemplum
1376 841 1558 876 XXXII:
1593 842 1649 876 De

371 897 606 943 philosopho
626 909 698 944 per
715 899 960 935 cimiterium
979 901 1211 935 transeunte
1230 901 1287 935 48.
1317 920 1354 925 —
1377 901 1495 935 Verba
1515 901 1649 935 mortui

370 959 557 993 cuiusdam
575 960 631 994 48.
661 979 702 983 —
731 959 962 1004 Exemplum
981 960 1190 995 XXXIII:
1218 961 1273 995 De
1292 969 1412 995 aurea
1430 959 1649 994 Alexandri

370 1020 579 1065 sepultura
603 1019 661 1053 48.
692 1038 731 1042 -
761 1019 989 1063 Exemplum
1015 1019 1208 1055 XXXIV:
1236 1020 1291 1054 De
1316 1020 1514 1054 heremita
1541 1029 1650 1054 suam

369 1079 597 1122 corrigente
623 1078 795 1113 animam
820 1080 877 1112 49.
914 1098 958 1101 —
995 1079 1045 1113 De
1071 1079 1149 1112 aliis
1179 1079 1438 1113 heremitarum
1465 1079 1567 1112 dictis
1593 1079 1649 1112 49.

372 1141 420 1173 De
446 1139 575 1172 timore
602 1139 665 1172 Dei
692 1139 748 1172 50.
777 1158 820 1162 —
849 1138 1043 1182 Epilogus
1071 1139 1126 1173 50.
